% This file was created with JabRef 2.5.
% Encoding: UTF-8
@ARTICLE{chorin1968,
  author = {Alexandre Joel Chorin},
  title  = {Numerical Solution of the {Navier--Stokes} Equations},
  journal= {Mathematics of Computation},
  volume = {22},
  number = {104},
  year   = {1968},
  pages  = {745-762}
}

@ARTICLE{shihetal1989,
   author = {T. M. Shih and C. H. Tan and B. C. Hwang},
   title  = {Effects of grid staggering on numerical schemes}, 
   number = {2}, 
   journal= {International Journal for Numerical Methods in Fluids}, 
   year   = {1989}, 
   pages  = {193-212}
}

@INPROCEEDINGS{souza10,
  author = {Souza, Leandro Franco de and Liu, J. T. C.},
  title = {Numerical Heat Transfer Studies of Flows Over Concave Surfaces},
  booktitle = {14th International Heat Transfer Congress},
  year = {2010},
  pages = {1-11},
  address = {Washington D. C.}
}

@INPROCEEDINGS{souza08b,
  author = {Petri, L. A. and Cuminato, J. A. and Souza, Leandro Franco de},
  title = {Verifica\c c\~ao da performance de um c\'odigo paralelizado para
	simula\c c\~ao num\'erica de escoamentos bi-dimensionais incompress{\'{\i}}veis},
  booktitle = {Anais do V Congresso Nacional de Engenharia Mec\^anica},
  year = {2008},
  address = {Salvador}
}

@INPROCEEDINGS{souza08c,
  author = {Nascimento, C. H and Souza, Leandro Franco de},
  title = {Utiliza\c c\~ao do m\'etodo da solu\c c\~ao manufaturada para verifica\c
	c\~ao temporal},
  booktitle = {Anais do V Congresso Nacional de Engenharia Mec\^anica},
  year = {2008},
  address = {Salvador}
}

@INPROCEEDINGS{souza08a,
  author = {Lacerda, Juliana Cestari and Souza, Leandro Franco de},
  title = {An\'alise de performance de c\'odigos multigrid paralelizados para
	solu\c c\~ao da equa\c c\~ao de Poisson},
  booktitle = {Anais do $16^o$ Simp\'osio Internacional de Inicia\c c\~ao Cient{\'{\i}}fica
	da USP},
  year = {2008},
  address = {S\~ao Paulo}
}

@INPROCEEDINGS{souza07c,
  author = {Gois, Evelise Roman Corbalan and Souza, Leandro Franco de},
  title = {Numerical study of lock-in phenomena in a 2D flow over a cylinder},
  booktitle = {Proceedings of XII International Symposium on Dynamic Problems of
	Mechanics},
  year = {2007},
  address = {Ilhabela}
}

@INPROCEEDINGS{souza07e,
  author = {Gois, Evelise Roman Corbalan and Souza, Leandro Franco de},
  title = {Numerical Simulation of a flow over a cylinder with immersed boundary
	technique in vorticity-velocity formulation},
  booktitle = {Proceedings of 19th International Congress of Mechanical Engineering
	},
  year = {2007},
  address = {Bras{\'{\i}}lia}
}

@ARTICLE{souza07a,
  author = {Mello, Hilton Carlos de Miranda and Catalano, Fernando Martini and
	Souza, Leandro Franco de},
  title = {Numerical Study of Synthetic Jet Actuator Effects in Boundary Layers},
  journal = {Journal of the Brazilian Society of Mechanical Science and Engineering},
  year = {2007},
  volume = {XXIX},
  pages = {34--41}
}

@INPROCEEDINGS{souza05d,
  author = {H. C. M. Mello and F. M. Catalano and L. F. Souza},
  title = {Effects of a Synthetic Jet Actuator on the Delay of Separation in
	a Boundary Layer},
  booktitle = {Proceedings of COBEM 2005},
  year = {2005},
  address = {Ouro Preto - MG}
}

@INPROCEEDINGS{souza05g,
  author = {R. F. Mello and R. G. Cuenca and L. F. Souza},
  title = {Verification of Parallel Algorithms for Solving 2D Poisson Equation},
  booktitle = {Proceedings of the XXVI Iberian Latin-American Congress on Computational
	Methods in Enginnering},
  year = {2005},
  address = {Guarapari - ES}
}

@ARTICLE{souza09a,
  author = {Germanos, R. A. C. and Medeiros, M. A. F. and Souza, L. F.},
  title = {Numerical Investigation of the Three-dimensional Secondary instabilities
	in the time-developing compressible mixing layer},
  journal = {Journal of the Brazilian Society of Mechanical Sciences and Engineering},
  year = {2009},
  volume = {31},
  pages = {1--17}
}

@ARTICLE{souza06k,
  author = {Germanos, Ricardo A. C and Souza, Leandro Franco de},
  title = {Analysis of dispersion errors in acoustic wave simulations},
  journal = {Revista de Engenharia Termica},
  year = {2006},
  volume = {5},
  pages = {49--54}
}

@INPROCEEDINGS{souza07d,
  author = {Doricio, J. L. and Marques, A. C. H. and Greco J\'unior, Paulo Celso
	and GOIS, Evelise Roman Corbalan and Souza, Leandro Franco de},
  title = {Simula\c c\~ao num\'erica de fluido incompress{\'{\i}}vel ao redor
	de um cilindro com oscila\c c\~ao angular: M\'etodo da Fronteira
	Imersa e M\'etodo da Fronteira Virtual},
  booktitle = {Anais do XXX Congresso Nacional de Matem\'atica Aplicada e Computacional},
  year = {2007},
  address = {Florian\'opolis}
}

@INPROCEEDINGS{souza06e,
  author = {Dor{\'{\i}}cio, J. L. and Marques, A. C. H. and Bueno, A. P. F. and
	Greco Junior, P. C. and Souza, L. F.},
  title = {Numerical simulation of bidimensional flows over a circular cylinder:
	Immersed Boundary and Virtual Boundary Methods},
  booktitle = {Proceedings of the Iberian Latin American Congress on Computational
	Methods},
  year = {2006},
  pages = {1--17},
  address = {Bel\'em -- BR}
}

@INPROCEEDINGS{souza06b,
  author = {Crepaldi, F. and Silva, H. G. da and Souza, L. F. and Medeiros, M.
	A. F. de},
  title = {Temporal numerical simulation of disturbances propagation in a Poiseuille
	flow using spectral methods},
  booktitle = {Anais da 5a Escola de Primavera de Transi\c c\~ao e Turbulência},
  year = {2006},
  address = {Rio de Janeiro -- BR}
}

@INPROCEEDINGS{souza06g,
  author = {Cuenca, Rafael Gigena and Souza, Leandro Franco de and Mello Rodrigo
	Fernandes de},
  title = {The Use of Genetic Algorithm for Transonic Airfoil Optimization},
  booktitle = {Proceedings of the 11 Brazilian Congress of Thermal Engineering and
	Sciences},
  year = {2006},
  pages = {1--10},
  address = {Curitiba}
}

@INPROCEEDINGS{souza08d,
  author = {Ferreira, Sabrina dos Santos and Souza, Leandro Franco de},
  title = {Gera\c c\~ao de Malhas em torno de aerof\'olios usando equações el{\'{\i}}pticas},
  booktitle = {Anais do $16^o$ Simp\'osio Internacional de Inicia\c c\~ao Cient{\'{\i}}fica
	da USP},
  year = {2008},
  address = {S\~ao Paulo}
}

@INPROCEEDINGS{souza07h,
  author = {Cuenca, Rafael Gigena and Souza, Leandro Franco de and Mello, Rodrigo
	Fernandes de},
  title = {A multi-objective study for transonic airfoil design},
  booktitle = {Proceedings of 19th International Congress of Mechanical Engineering
	},
  year = {2007},
  address = {Bras{\'{\i}}lia}
}

@INPROCEEDINGS{malatesta2012aps,
  author = {Malatesta, Vinicius and Souza, Leandro Franco de and Liu, J. T. C},
  title = {Analysis of Görtler vortices spanwise wavelength influence in heat transfer rates},
  booktitle = {65th Annual Meeting of the APS Division of Fluid Dynamics},
  address = {San Diego},
  year = {2012},
  volume = {57},
  pages = {1--10}
}

@INPROCEEDINGS{malatesta2011cobem,
  author = {Malatesta, Vinicius and Souza, Leandro Franco de},
  title = {Heat transfer and skin friction analysis in Goertler flow},
  booktitle = {Proceedigns of 21nd International Congress of Mechanical Engineering},
  address = {Natal},
  year = {2011},
  volume = {1},
  pages = {1--10}
}

@INPROCEEDINGS{malatesta2012,
  author = {Malatesta, Vinicius and Souza, Leandro Franco de and Liu, J. T. C},
  title = {The influence of spanwise wavelength of Gortler vortices in heat transfer},
  booktitle = {Proceedings of International Symposiom on Advances in Computational Heat Transfer},
  address = {Bath},
  year = {2012},
  volume = {1},
  pages = {1--10}
}

@INPROCEEDINGS{malatesta2013cobem,
  author = {Malatesta, Vinicius and Souza, Leandro Franco de and Liu, J. T. C},
  title = {Heat transfer enhancement throught Goertler vortices},
  booktitle = {proceedings of 22nd International Congress of Mechanical Engineering},
  address = {Ribeirão Preto},
  year = {2013},
  volume = {1},
  pages = {5558--5569}
}

@ARTICLE{malatesta2013,
  author = {Malatesta, Vinicius and Souza, Leandro Franco de and Liu, J. T. C},
  title = {The Influence of Goertler Vortices Spanwise Wavelength on Heat Transfer Rates},
  journal = {Computational Thermal Sciences},
  year = {2013},
  volume = {5},
  pages = {389--400}
}

@INPROCEEDINGS{rogenski2013,
  author = {J K Rogenski and L F de Souza and J M Floryan},
  title = {Influence of curvature variations on the primary instability development in boundary layer flow},
  booktitle = {22nd International Congress of Mechanical Engineering},
  year = {2013},
  owner = {josuel},
  timestamp = {2014.02.06}
}

@INPROCEEDINGS{rogenski2013aps,
  author = {J K Rogenski and L F de Souza and J M Floryan},
  title = {Influence of the pressure gradient on the development of G{\"o}rtler vortices},
  booktitle = {66th Annual Meeting of the Division of Fluid Dynamics},
  year = {2013},
  owner = {josuel},
  timestamp = {2014.02.06}
}

@ARTICLE{adam77,
  author = {Y. Adam},
  title = {Highly Accurate Compact Methods and Boundary Conditions},
  journal = {J. Comp. Phys.},
  year = {1977},
  volume = {{\bf 24}},
  pages = {10--22}
}

@ARTICLE{Aihara81b,
  author = {Y. Aihara and H. Koyama},
  title = {Secondary Instability of {G}{\"o}rtler Vortices: formation of Periodic Three-Dimensional Coherent Structure},
  journal = {Transac. Japan Soc. Aeronautical and Space Science},
  year = {1981},
  volume = {{\bf 24}},
  pages = {78--94}
}

@ARTICLE{Aihara81a,
  author = {Y. Aihara and T. Sonoda},
  title = {Effects of Pressure Gradient on the Secondary Instability of {G}{\"o}rtler
	Vortices},
  journal = {AIAA paper 81-0197},
  year = {1981}
}

@ARTICLE{Andersson01,
  author = {P. Anderson and L. Brandt and A. Bottaro and D. S. Henningson},
  title = {On the breakdown of boundary layer streaks},
  journal = {J. Fluid Mech.},
  year = {2001},
  volume = {{\bf 428}},
  pages = {29--60}
}

@INPROCEEDINGS{andersson99,
  author = {P. Andersson and M. Berggren and D. Henningson},
  title = {Optimal three-dimensional perturbations in the {B}lasius Boundary-Layer},
  booktitle = {The IUTAM 99 Symp. on Laminar-Turbulent Transition},
  year = {1999},
  address = {Arizona, USA}
}

@ARTICLE{arnal,
  author = {D. Arnal and G. Casalis},
  title = {Transition laminaire turbulent de la couche limite},
  journal = {La Recherche A\'erospatiale},
  year = {1994},
  volume = {{\bf 3}},
  pages = {207--218}
}

@ARTICLE{arnal94,
  author = {D. Arnal and G. Casalis},
  title = {Transition Laminaire-Turbulent de la Couche Limite},
  journal = {La Recherche A\'{e}rospatiale},
  year = {1994},
  volume = {{\bf 3}},
  pages = {207--218}
}

@ARTICLE{Asai2006,
  author = {M. Asai and J. M. Floryan},
  title = {Experiments on the linear instability of flow in a wavy channel},
  journal = {European Journal of Mechanics - B/Fluids},
  year = {2006},
  volume = {25},
  pages = {971-986}
}

@ARTICLE{Asai2002,
  author = {M. Asai and M. Minagawa and M. Nishioka},
  title = {The instability and breakdown of a near-wall low-speed streak},
  journal = {J. Fluid Mech.},
  year = {2002},
  volume = {{\bf 455}},
  pages = {289--314}
}

@INPROCEEDINGS{baarsetal2002,
  author = {Baars, E. and Lenzi, A. and Nunes, R. A. S.},
  title = {Sound quality of hermetic compressors and refrigerators},
  booktitle = {2002 International Compressor Engineering Conference at Purdue},
  year = {2002},
  address = {West Lafayette, USA}
}

@PHDTHESIS{babucketh,
  author = {Babucke, A.},
  title = {Direct numerical simulation of noise-generation mechanisms in the
	mixing layer of a jet},
  school = {Universitat Stuttgart},
  year = {2009}
}

@INPROCEEDINGS{bahri1999,
  author = {F. Bahri and Y. Koyama and J. Iino and Aota},
  title = {Effect of the pressure gradients on the secondary instability of
	{G}{\"o}rtler flow},
  booktitle = {The IUTAM 99 Symp. on Laminar-Turbulent Transition},
  year = {1999},
  address = {Arizona, USA}
}

@ARTICLE{Bai2009,
  author = {H. X. Bai and P. Yu and S. H. Winoto and H. T. Low},
  title = {Lattice Boltzmann method for flows in porous and homogenous fluid
	domains coupled at the interface by stress jump},
  journal = {International Journal for Numerical Methods in Fluids},
  year = {2009},
  volume = {60},
  pages = {691-708},
  number = {6}
}

@ARTICLE{bakchinov95,
  author = {A. A. Bakchinov and G. R. Grek and B. G. B. Klingmann and V. V. Kozlov},
  title = {Transition experiments in a boundary layer with embedded streamwise
	vortices},
  journal = {Phys. Fluids},
  year = {1995},
  volume = {{\bf 4}},
  pages = {820--832}
}

@ARTICLE{Bario1998,
  author = {F. Bario and C. Beral},
  title = {Boundary layer measurements on the pressure and suction sides of
	a turbine inlet guide vane},
  journal = {Experimental Thermal and Fluid Science},
  year = {1998},
  volume = {17},
  pages = {1-9},
  number = {1-2}
}

@ARTICLE{benard_1900,
  author = {H. Benard},
  title = {Les tourbillons cellulaires dans une nappe liquide},
  journal = {Revue Gen. Sci. Pure Appl.},
  year = {1900},
  volume = {{\bf 11}},
  pages = {1309--1328}
}

@ARTICLE{benmalek94,
  author = {A. Benmalek and W. S. Saric},
  title = {Effects of Curvature Variation onthe Nonlinear Evolution of Goertler
	Vortices},
  journal = {Phys. Fluids},
  year = {1994},
  volume = {{\bf 6}},
  pages = {3353--3367}
}

@ARTICLE{berlin99,
  author = {S. Berlin and M. Wiegel and D. Henningson},
  title = {Numerical and Experimental Investigations of Oblique Boundary Layer
	Control},
  journal = {J. Fluid Mech.},
  year = {1999},
  volume = {{\bf 393}},
  pages = {23--57}
}

@ARTICLE{bertagnolio98,
  author = {F. Bertagnolio and O. Daube},
  title = {Three Dimensional Incompressible Navier-Stokes Equations on non-Orthogonal
	Staggered Grids using Velocity-Vorticity Formulation},
  journal = {Intenational Journal for Numerical Methods in Fluids},
  year = {1998},
  volume = {{\bf 28}},
  pages = {917--943}
}

@INBOOK{bertolotti96,
  chapter = {8},
  pages = {337--368},
  title = {Transition Modeling Based on the {PSE}},
  publisher = {Kluwer Academic Publ.},
  year = {1996},
  author = {F. P. Bertolotti}
}

@ARTICLE{bertolotti93,
  author = {F. P. Bertolotti},
  title = {Vortex Generation and Wave-Vortex Interaction Over a Concave Plate
	With Roughness and Suction},
  journal = {ICASE 93-101, NASA CR 191589},
  year = {1993}
}

@PHDTHESIS{bertolotti91a,
  author = {F. P. Bertolotti},
  title = {Linear and Nonlinear Stability of Boundary Layers With Streamwise
	Varying Properties},
  school = {The Ohio State University, Columbus, Ohio},
  year = {1991}
}

@ARTICLE{bertolotti91b,
  author = {F. P. Bertolotti and Th. Herbert},
  title = {Analysis of the Linear Stability of Compressible Boundary Layers
	Using {PSE}},
  journal = {Theoret. Comput. Fluid Dynamics},
  year = {1991},
  volume = {{\bf 3}},
  pages = {117--124}
}

@ARTICLE{bhs,
  author = {F. P. Bertolotti and Th. Herbert and P. R. Spalart},
  title = {Linear and nonlinear stability of the {B}lasius Boundary Layers},
  journal = {J. Fluid Mech.},
  year = {1992},
  volume = {{\bf 242}},
  pages = {441--474}
}

@TECHREPORT{bippes78,
  author = {H. Bippes},
  title = {Experimental Study of the laminar-turbulent transition of a concave
	wall in a parallel flow},
  institution = {National Aeronautics and Space Administration -- NASA},
  year = {1978},
  number = {NASA TM 75243}
}

@ARTICLE{dns5,
  author = {S. Biringen and E. Laurien},
  title = {Nonlinear Structures of Transition in Wall-Bounded Flows},
  journal = {Appl. Num. Mathematics},
  year = {1991},
  volume = {{\bf 7}},
  pages = {129--150}
}

@ARTICLE{Blair1982,
  author = {M. F. Blair},
  title = {Influence of free-stream turbulence on boundary layer transition
	in favorable pressure gradients},
  journal = {ASME J. Eng. Power},
  year = {1982},
  volume = {104},
  pages = {743-750}
}

@ARTICLE{bodenschatz_etal_2000,
  author = {E. Bodenschatz and W. Pesh and G. Ahlers},
  title = {Recent developments in Rayleigh-Benard convection},
  journal = {Ann. Rev. Fluid Mech},
  year = {2000},
  volume = {{\bf 32}},
  pages = {709--778}
}

@ARTICLE{bonfigli2007,
  author = {G. Bonfigli and M. Kloker},
  title = {Secondary instability of crossflow vortices: validation of the stability
	theory by direct numerical simulation},
  journal = {J. Fluid Mech.},
  year = {2007},
  volume = {{\bf 583}},
  pages = {229--272}
}

@ARTICLE{bonfigli98,
  author = {G. Bonfigli and M. Kloker},
  title = {Spatial Navier-Stokes Simulation of Crossflow Induced Transition
	in a Three-Dimensional Boundary Layer},
  journal = {Proc 11th STAB/DGLR Symposium, Berlin},
  year = {1998}
}

@ARTICLE{bottaro96,
  author = {A. Bottaro and B.G. B. Klingmann},
  title = {On the linear breakdown of {G}{\"o}rtler vortices},
  journal = {Eur. J. Mech. B / Fluids},
  year = {1996},
  volume = {{\bf 15}},
  pages = {301--330}
}

@ARTICLE{bottaro99,
  author = {A. Bottaro and P. Luchini},
  title = {{G}{\"o}rtler vortices: are they amenable to local eigenvalue analysis?
	},
  journal = {Eur. J. Mech. B / Fluids},
  year = {1999},
  volume = {{\bf 18}},
  pages = {47--65}
}

@ARTICLE{bottaro97,
  author = {A. Bottaro and A. Zebib},
  title = {{G}{\"o}rtler Vortices Promoted by Wall Roughness},
  journal = {Fluid Dynamics Research},
  year = {1997},
  volume = {{\bf 19}},
  pages = {343--362}
}

@BOOK{boussinesq_1903,
  title = {Theorie analytique de la chaleur},
  publisher = {Gauthier--Villars, Paris},
  year = {1903},
  author = {J. Boussinesq}
}

@ARTICLE{brandt77,
  author = {A. Brandt},
  title = {Multilevel adaptative solutions to boundary values problems},
  journal = {Mathematics of Computation},
  year = {1977},
  volume = {31},
  pages = {333--390}
}

@ARTICLE{Brandt07,
  author = {L. Brandt},
  title = {Numerical studies of the instability and breakdown of a boundary-layer
	low-speed streak},
  journal = {Eur. J. Mech. B / Fluids},
  year = {2007},
  volume = {{\bf 26}},
  pages = {64--82}
}

@ARTICLE{Brandt02,
  author = {L. Brandt and D. S. Henningson},
  title = {Transition of streamwise streaks in zero-pressure-gradient boundary
	layers},
  journal = {J. Fluid Mech.},
  year = {2002},
  volume = {{\bf 472}},
  pages = {229--261}
}

@BOOK{briggs87,
  title = {A Multigrid Tutorial},
  publisher = {Lancaster Press},
  year = {1987},
  author = {W. Briggs},
  series = {SIAM}
}

@INPROCEEDINGS{busse_1989,
  author = {F. H. Busse},
  title = {Fundamentals of thermal convection},
  booktitle = {Mantle Convection},
  year = {1989},
  pages = {23--95}
}

@ARTICLE{busse_1978,
  author = {F. H. Busse},
  title = {Non-linear properties of thermal convection},
  journal = {Rep. Prog. Phys.},
  year = {1978},
  volume = {{\bf 41}},
  pages = {1929--1967}
}

@BOOK{canuto88,
  title = {Spectral Methods inFluid Dynamics},
  publisher = {Springer Verlag},
  year = {1988},
  author = {C. Canuto and M. Y. Hussaini and A. Quateroni and T. Zang}
}

@INPROCEEDINGS{cathalifaud99,
  author = {P. Cathalifaud and P. Luchini},
  title = {Optimal Control by Blowing and Suction at the Wall of Algebraically
	Growing Boundary-Layer Disturbances},
  booktitle = {The IUTAM 99 Symp. on Laminar-Turbulent Transition},
  year = {1999},
  address = {Arizona, USA}
}

@ARTICLE{Chen2009a,
  author = {X.B. Chen and P. Yu and S.H. Winoto and H.T. Low},
  title = {Numerical analysis for the flow past a porous trapezoidal-cylinder
	based on the stress-jump interfacial-conditions},
  journal = {International Journal of Numerical Methods for Heat and Fluid Flow},
  year = {2009},
  volume = {19},
  pages = {223-241},
  number = {20}
}

@ARTICLE{Chen2009,
  author = {X. B. Chen and P. Yu and Y. Sui and S. H. Winoto and H.T. Low},
  title = {Natural convection in a cavity filled with porous layers on the top
	and bottom walls},
  journal = {Transport in Porous Media},
  year = {2009},
  volume = {78},
  pages = {259-276},
  number = {2}
}

@ARTICLE{Chen2008,
  author = {X. B. Chen and P. Yu and S. H. Winoto and H.T. Low},
  title = {Numerical analysis for the flow past a porous square cylinder based
	on the stress-jump interfacial-conditions},
  journal = {Journal of Numerical Methods for Heat and Fluid Flow},
  year = {2008},
  volume = {18},
  pages = {635-655},
  number = {5}
}

@ARTICLE{Chen2008b,
  author = {X. B. Chen and P. Yu and S. H. Winoto and H.T. Low},
  title = {Forced convection over a backward-facing step with a porous floor
	segment},
  journal = {Numerical Heat Transfer; Part A: Applications},
  year = {2008},
  volume = {53},
  pages = {1211-1230},
  number = {11}
}

@ARTICLE{Chen2008a,
  author = {X. B. Chen and P. Yu and S. H. Winoto and H. T. Low},
  title = {A numerical method for forced convection in porous and homogenous
	fluid domains coupled at interface by stress jump},
  journal = {Journal for Numerical Methods in Fluids},
  year = {2008},
  volume = {56},
  pages = {1705-1729},
  number = {9}
}

@ARTICLE{Chen2007,
  author = {X. B. Chen and P. Yu and S. H. Winoto and H. T. Low},
  title = {Free convection in a porous wavy cavity based on the Darcy-Brinkman-Forchheimer
	extended model},
  journal = {Numerical Heat Transfer; Part A: Applications},
  year = {2007},
  volume = {52},
  pages = {377-397},
  number = {4}
}

@TECHREPORT{clauser37,
  author = {M. Clauser and F. Clauser},
  title = {The effect of Curvature on the Transition from Laminar to Turbulent
	Boundary Layer},
  institution = {National Advisory Commitee for Aeronautics -- NACA},
  year = {1937},
  number = {NACA TN-613}
}

@BOOK{collatz66,
  title = {The Numerical Treatment od Differential Equations},
  publisher = {Springer Verlag},
  year = {1966},
  author = {L. Collatz}
}

@ARTICLE{coloniusetal1997,
  author = {Colonius, T. and Lele, S. K. and Moin, P.},
  title = {Sound generation in a mixing layer},
  journal = {J. Fluid Mech.},
  year = {1997},
  volume = {{\bf 330}},
  pages = {375--409}
}

@ARTICLE{coloniusetal1993,
  author = {Colonius, T. and Lele, S. K. and Moin, P.},
  title = {Boundary conditions for direct computation of aerodynamic sound generation},
  journal = {AIAA Journal},
  year = {1993},
  volume = {{\bf 31}},
  pages = {1574--1582}
}

@TECHREPORT{cornelius85,
  author = {K. C. Cornelius},
  title = {Three Dimensional Wave Development During Boundary Layer Transition},
  institution = {Lockheed Corp. Report},
  year = {1985},
  number = {LG85rr0004}
}

@ARTICLE{crane91,
  author = {R. Crane},
  title = {Boundary Layers and transition on concave surfaces},
  journal = {Boundary Layer in Turbomachines},
  year = {1991},
  volume = {{\bf 6}}
}

@ARTICLE{croquette_1989a,
  author = {V. Croquette},
  title = {Convective pattern dynamics at low Prandtl number: Part I.},
  journal = {Contemp. Phys.},
  year = {1989},
  volume = {{\bf 30(2)}},
  pages = {113--33}
}

@ARTICLE{croquette_1989b,
  author = {V. Croquette},
  title = {Convective pattern dynamics at low Prandtl number: Part II.},
  journal = {Contemp. Phys.},
  year = {1989},
  volume = {{\bf 30(3)}},
  pages = {153--171}
}

@ARTICLE{cross_hohenberg_1993,
  author = {M. C. Cross and P. C. Hohenberg},
  title = {Pattern formation out of equilibrium},
  journal = {Rev. Mod. Phys.},
  year = {1993},
  volume = {{\bf 65(3)}},
  pages = {851--1112}
}

@ARTICLE{crow70,
  author = {S. C. Crow},
  title = {Stability of a pair of trailing vortices},
  journal = {AIAA Journal},
  year = {1970},
  volume = {8},
  pages = {2172-2179},
  number = {12},
  month = { },
  note = { },
  file = {#F#::},
  keywords = { },
  source = { }
}



@INPROCEEDINGS{dakin67,
  author = {R. M. Dakin},
  title = {Development of the Olympus Combustion Chamber for Industrial Use},
  booktitle = {Combustion in advanced gas turbine Systems},
  year = {1967},
  address = {Cranfield}
}

@INPROCEEDINGS{davies99,
  author = {C. Davies and P. Carpenter and D. Lockerby},
  title = {A novel velocity-vorticity method for simulating boundary-layer disturbance
	evolution and control},
  booktitle = {The IUTAM 99 Symp. on Laminar-Turbulent Transition},
  year = {1999},
  address = {Arizona, USA}
}

@ARTICLE{deardorff1970,
  author = {Deardorff, James},
  title = {A numerical study of three-dimensional turbulent channel flow at
	large Reynolds numbers},
  journal = {J. Fluid Mech.},
  year = {1970},
  volume = {{\bf 41}},
  pages = {453--480}
}

@ARTICLE{delery01,
  author = {J. M. Delery},
  title = {Robert Legendre and Henri Werl{\'e}: Toward the elucidation of three-dimensional
	separation.},
  journal = {Annu. Rev. Fluid. Mech.},
  year = {2001},
  volume = {33},
  pages = {129-154},
  number = { },
  month = { },
  note = { },
  abstract = { },
  file = {#F#},
  keywords = { },
  source = { }
}

@BOOK{drazin_2002,
  title = {Introduction to Hidrodynamic Stability},
  publisher = {Cambridge},
  year = {2002},
  author = {P. G. Drazin}
}

@BOOK{drazin_reid_1981,
  title = {Hidrodynamic Stability},
  publisher = {Cambridge},
  year = {1981},
  author = {P. G. Drazin and W. H. Reid}
}

@ARTICLE{dubief00,
  author = {Y. Dubief and F. Delvayre},
  title = {On coherent-Vortex Identification in Turbulence},
  journal = {J. of Turbulence},
  year = {2000},
  volume = {{\bf 011}},
  pages = {1--22}
}

@BOOK{eckhaus,
  title = {Studies in Non-Linear Stability Theory},
  publisher = {Springer--Verlag},
  year = {1965},
  author = {W. Eckhaus},
  series = {Springer Tracts in Natural Philosophy}
}

@ARTICLE{El-Gammal2010,
  author = {M. El-Gammal and J. M. Floryan},
  title = {Thermocapillary effects in liquid systems of variable mass confined
	in a non-isothermal container},
  journal = {Transactions of the Canadian Society for Mechanical Engineering},
  year = {2010},
  volume = {34},
  pages = {309-332},
  number = {3-4}
}

@ARTICLE{El-Gammal2006,
  author = {M. El-Gammal and J. M. Floryan},
  title = {Thermocapillary effects in systems with variable liquid mass exposed
	to concentrated heating},
  journal = {Fluid Dynamics and Material Processing},
  year = {2006},
  volume = {2},
  pages = {17-26}
}

@BOOK{fahy2003,
  title = {Foundations of engineering acoustics},
  publisher = {London academic press},
  year = {2003},
  author = {Fahy, F.}
}

@ARTICLE{farouk,
  author = {B. Farouk and T. Fusegi},
  title = {A Coupled Solution of the Vorticity--Velocity Formulation of the
	Incompressible {N}avier--{S}tokes Equations},
  journal = {Int. J. for Numerical Methods in Fluids},
  year = {1985},
  volume = {{\bf 5}},
  pages = {1017--1034}
}

@ARTICLE{fasel76,
  author = {H. F. Fasel},
  title = {Investigation of the Stability of Boundary Layers by Finite-Difference
	Model of the Navier-Stokes Equations},
  journal = {J. Fluid Mech.},
  year = {1976},
  pages = {355--383}
}

@ARTICLE{fasel97,
  author = {H. F. Fasel and H. L. Meltz and C. R. Bachman},
  title = {DNS and LES for investigating transition and transition control},
  journal = {AIAA},
  year = {1997}
}

@ARTICLE{fasel90,
  author = {H. F. Fasel and U. Rist and U. Konzelmann},
  title = {Numerical investigation of the three-dimensional development in boundary-layer
	transition},
  journal = {AIAA},
  year = {1990},
  volume = {{\bf 28}},
  pages = {29--37}
}

@ARTICLE{Fernandez2010,
  author = {D. C. Del Rey Fernandez and S. Z. Husain and J. M. Floryan},
  title = {Immersed boundary conditions method for heat conduction problems
	in slots with time-dependent geometry},
  journal = {International Journal for Numerical Methods in Fluids},
  year = {2010},
  volume = {n/a},
  pages = {n/a--n/a},
  doi = {10.1002/fld.2363},
  owner = {josuelkr},
  timestamp = {2011.04.26},
  url = {http://dx.doi.org/10.1002/fld.2363}
}

@BOOK{ferziger97,
  title = {Computational Methods for Fluid Dynamics},
  publisher = {Springer-Verlag Berlin Heidelberg New York},
  year = {1997},
  author = {J. H. Ferziger and M. Peric}
}

@INPROCEEDINGS{dns14,
  author = {A. Fezer and M. Kloker},
  title = {Spatial Direct Numerical Simulation of Transition Phenomena in Hypersonic
	Flat-Plate Boundary Layers at Flight Conditions},
  booktitle = {The IUTAM 99 Symp. on Laminar-Turbulent Transition},
  year = {1999},
  address = {Arizona, USA}
}

@ARTICLE{ffowcs1969,
  author = {Ffowcs-Williams, J. E. and Hawkings, D. L.},
  title = {Sound generation by turbulence and surfaces in arbitrary motion},
  journal = {Phil. Trans. Royal Society A},
  year = {1969},
  volume = {{\bf 264}},
  pages = {321--342}
}

@ARTICLE{fiebig96,
  author = {M. Fiebig},
  title = {Vortices and heat transfer},
  journal = {Z. Angew. Math. Mech.},
  year = {1996},
  volume = {{\bf 366}},
  pages = {2699--2716}
}

@ARTICLE{finnis97,
  author = {M. V. Finnis and A. Brown},
  title = {The linear Growth of {G}{\"o}rtler Vortices},
  journal = {Int. J. Heat and Fluid Flow},
  year = {1997},
  volume = {{\bf 18}},
  pages = {389--399}
}

@BOOK{fletcher88,
  title = {Computational Techniques for Fluid Dynamics 2},
  publisher = {Springer-Verlag Berlin Heidelberg},
  year = {1988},
  author = {C. A. J. Fletcher}
}

@ARTICLE{Floryan2007,
  author = {J. M. Floryan},
  title = {Three-dimensional instabilities of laminar flow in a rough channel
	and the concept of hydraulically smooth wall},
  journal = {European Journal of Mechanics - B/Fluids},
  year = {2007},
  volume = {26},
  pages = {305-329},
  owner = {josuelkr},
  timestamp = {2011.04.26}
}

@ARTICLE{Floryan2006,
  author = {J. M. Floryan},
  title = {Flow management using natural instabilities},
  journal = {Archives of Mechanics},
  year = {2006},
  volume = {58},
  pages = {58-63},
  number = {6},
  owner = {josuelkr},
  timestamp = {2011.04.26}
}

@ARTICLE{Floryan2005,
  author = {J. M. Floryan},
  title = {Two-dimensional instability of flow in a rough channel},
  journal = {Phys. Fluids},
  year = {2005},
  volume = {17},
  pages = {044101-044101-8},
  owner = {josuelkr},
  timestamp = {2011.04.26}
}

@ARTICLE{floryan91,
  author = {J. M. Floryan},
  title = {On the {G}{\"o}rtler Instability of Boundary Layers},
  journal = {Prog. Aerospace Sci.},
  year = {1991},
  volume = {{\bf 28}},
  pages = {235--271}
}

@ARTICLE{floryan86,
  author = {J. M. Floryan},
  title = {{G}{\"o}rtler Instability of Boundary Layers over Concave and Convex
	Walls},
  journal = {Phys. Fluids},
  year = {1986},
  volume = {{\bf 29}},
  pages = {2380--2387},
  number = {8}
}

@ARTICLE{floryan85,
  author = {J. M. Floryan},
  title = {Effects of Blowing on the {G}{\"o}rtler Instability of Boundary Layers},
  journal = {AIAA J.},
  year = {1985},
  volume = {{\bf 23}},
  pages = {1287--1288},
  number = {8}
}

@PHDTHESIS{floryan80,
  author = {J. M. Floryan},
  title = {Stability of boundary layer flows over curved walls},
  school = {Virginia Polytechnic Institute and State University},
  year = {1980}
}

@ARTICLE{Floryan2010,
  author = {J. M. Floryan and C. Floryan},
  title = {Traveling wave instability in a diverging-converging channel},
  journal = {Fluid Dynamics Research},
  year = {2010},
  volume = {42},
  pages = {025509},
  number = {2},
  owner = {josuelkr},
  timestamp = {2011.04.26},
  url = {http://stacks.iop.org/1873-7005/42/i=2/a=025509}
}

@ARTICLE{floryan82,
  author = {J. M. Floryan and W. S. Saric},
  title = {Stability of {G}{\"o}rtler Vortices in Boundary Layers},
  journal = {AIAA J.},
  year = {1982},
  volume = {{\bf 20}},
  pages = {316--324},
  number = {3}
}

@ARTICLE{floryan83,
  author = {J. M. Floryan and W. S. Saric},
  title = {Effects of Suction on the {G}{\"o}rtler Instability of Boundary Layers},
  journal = {AIAA J.},
  year = {1983},
  volume = {{\bf 21}},
  pages = {1635--1639},
  number = {12}
}

@ARTICLE{freund2001,
  author = {Freund, J. B.},
  title = {Noise sources in low-Reynolds number turbulent jet at mach 0.9},
  journal = {J. Fluid Mech.},
  year = {2001},
  volume = {{\bf 438}},
  pages = {277--305}
}

@MASTERSTHESIS{evelise,
  author = {G\'ois, Evelise R. C.},
  title = {Simulação numérica do escoamento em torno de um cilindro utilizando
	o Método das Fronteiras Imersas},
  school = {Universidade de S\~ao Paulo},
  year = {2007}
}

@ARTICLE{gad89,
  author = {M. Gad{-}el{-}Hak and R. F. Blackwelder},
  title = {Selective Suction for Controlling Bursting Events in a Boundary Layer},
  journal = {AIAA Journal},
  year = {1989},
  volume = {27},
  pages = {308--314},
  number = {3}
}

@ARTICLE{gaster,
  author = {M. Gaster},
  title = {On the effect of boundary-layer growth on flow stability},
  journal = {J. Fluid Mech.},
  year = {1974},
  volume = {{\bf 66}},
  pages = {465--480}
}

@BOOK{gerges2000,
  title = {Ruido: fundamentos e controle},
  publisher = {NR editora consultoria e treinamento},
  year = {2000},
  author = {Gerges, S. N. Y.}
}

@BOOK{getling_1998,
  title = {Rayleigh-Benard convection},
  publisher = {World Scientific},
  year = {1998},
  author = {A. V. Getling}
}

@ARTICLE{getling_1991,
  author = {A. V. Getling},
  title = {Formation of spatial structures in Rayleigh-Benard convection},
  journal = {Usp. Fiz. Nauk},
  year = {1991},
  volume = {{\bf 161(9)}},
  pages = {1--80}
}

@ARTICLE{ghosal1996,
  author = {Sandip Ghosal},
  title = {An Analysis of Numerical Errors in Large-Eddy Simulations of Turbulence},
  journal = {J. Comput. Phys.},
  year = {1996},
  volume = {125},
  pages = {187 - 206},
  number = {1},
  doi = {DOI: 10.1006/jcph.1996.0088},
  issn = {0021-9991},
  url = {http://www.sciencedirect.com/science/article/B6WHY-45MGWCH-6D/2/de7dd440c6daacc57be169d8c13dc805}
}

@ARTICLE{girgis06,
  author = {I. G. Girgis and J. T. C. Liu},
  title = {Nonlinear mechanics of wavy instability of steady longitudinal vortices
	and its effect on skin friction rise in boundary layer flow},
  journal = {Phys. Fluids},
  year = {2006},
  volume = {{\bf 18}},
  pages = {024102-1--024102-12}
}

@ARTICLE{girgis02,
  author = {I. G. Girgis and J. T. C. Liu},
  title = {Mixing enhancement via the release of strongly nonlinear longitudinal
	{G}{\"o}rtler vortices and their secondary instabilities into the
	mixing region},
  journal = {J. Fluid Mech.},
  year = {2002},
  volume = {{\bf 468}},
  pages = {29--75}
}

@INPROCEEDINGS{dns7,
  author = {C. Gmelin and U. Rist and S. Wagner},
  title = {{DNS} of Active Control of Disturbance in a Boundary-layer},
  booktitle = {The IUTAM 99 Symp. on Laminar-Turbulent Transition},
  year = {1999},
  address = {Arizona, USA}
}

@ARTICLE{goldstein93,
  author = {D. Goldstein and R. Handler and L. Sirovich},
  title = {Modeling a No-Slip Flow Boundary with an External Force Field},
  journal = {J. Comput. Phys.},
  year = {1993},
  volume = {{\bf 105}},
  pages = {354--366}
}

@ARTICLE{goulpie96,
  author = {P. Goulpi{\'e} and B. G. B. Klingmann and A. Bottaro},
  title = {{G}{\"o}rtler Vortices in Boundary layers with Streamwise Pressure
	Gradient},
  journal = {Phys. Fluids},
  year = {1996},
  volume = {{\bf 8}},
  pages = {451--459}
}

@BOOK{grinsteinetal2007,
  title = {Implicit large eddy simulation},
  publisher = {Cambridge University Press},
  year = {2007},
  author = {Grinstein, Fernando and Margolin, Len and Rider, William}
}

@ARTICLE{guo94,
  author = {Y. Guo and W. H. Finlay},
  title = {Wavenumber Selection and Irregularity of Spatially Developing Nonlinear
	{D}ean and {G}{\"o}rtler Vortices},
  journal = {J. Fluid Mech.},
  year = {1994},
  volume = {{\bf 264}},
  pages = {1--40}
}

@ARTICLE{gupta97,
  author = {M. M. Gupta and J. Kouatchou and J. Zhang},
  title = {Comparison of second- and Fourth-Order Discretizations for Multigrid
	Poisson Solvers},
  journal = {J. Comput. Phys.},
  year = {1997},
  volume = {{\bf 132}},
  pages = {226--232}
}

@INPROCEEDINGS{dns12,
  author = {V. Guschin and A. Kostomarov and P. Matyushin and E. Pavlyukova},
  title = {Direct Numerical Simulation of 2-D/3-D Transition in the Separated
	Fluid Flows Around a Sphere},
  booktitle = {The IUTAM 99 Symp. on Laminar-Turbulent Transition},
  year = {1999},
  address = {Arizona, USA}
}

@TECHREPORT{gortler40,
  author = {H. {G}{\"o}rtler},
  title = {On the three-dimensional instability of laminar boundary layers on
	concave walls},
  institution = {National Advisory Commitee for Aeronautics -- NACA},
  year = {1940},
  number = {NACA TM-1375}
}

@ARTICLE{hall90,
  author = {P. Hall},
  title = {{G}{\"o}rtler Vortices in Growing Boundary Layer: the Leading Edge
	Receptivity Problem, Linear Growth and The Nonlinear Breakdown Stage},
  journal = {Mathematika},
  year = {1990},
  volume = {{\bf 37}},
  pages = {151--189},
  number = {74}
}

@ARTICLE{hall83,
  author = {P. Hall},
  title = {The Linear Development of Gortler Vortices in Growing Boundary-Layers},
  journal = {J. Fluid Mech.},
  year = {1983},
  volume = {{\bf 130}},
  pages = {41--58}
}

@ARTICLE{hall82,
  author = {P. Hall},
  title = {Taylor-{G}{\"o}rtler Vortices in Fully Developed or Boundary Layer
	Flows: linear theory},
  journal = {J. Fluid Mech.},
  year = {1982},
  volume = {{\bf 124}},
  pages = {475--494}
}

@ARTICLE{hall91,
  author = {P. Hall and N. J. Horseman},
  title = {The Linear Inviscid Secondary Instability of Longitudinal Vortex
	Structures in Boundary Layers},
  journal = {J. Fluid Mech.},
  year = {1991},
  volume = {{\bf 232}},
  pages = {357--375}
}

@ARTICLE{herb2,
  author = {Th. Herbert},
  title = {Parabolized Stability Equations},
  journal = {Ann. Rev. Fluid Mech.},
  year = {1994},
  volume = {{\bf 29}},
  pages = {245--283}
}

@ARTICLE{dns3,
  author = {Th. Herbert},
  title = {Exploring Transition by Computer},
  journal = {Appl. Num. Math.},
  year = {1991},
  volume = {{\bf 7}},
  pages = {3--25}
}

@ARTICLE{herbert88,
  author = {Th. Herbert},
  title = {Secondary instability of boundary-layers},
  journal = {Ann. Rev. Fluid Mech.},
  year = {1988},
  volume = {{\bf 20}},
  pages = {487--526}
}

@ARTICLE{hb,
  author = {Th. Herbert and F. P. Bertolotti},
  title = {Stability analysis of nonparallel boundary-layers},
  journal = {Bull. Am. Phys. Soc.},
  year = {1987},
  volume = {{\bf 32}},
  pages = {20--79}
}

@ARTICLE{hignett_etal_1981,
  author = {P. Hignett and A. Ibbetson and P. D. Killworth},
  title = {On rotating thermal convection driven by non-uniform heating from
	below},
  journal = {J. Fluid Mech.},
  year = {1981},
  volume = {{\bf 109}},
  pages = {161--187}
}

@ARTICLE{hirsh75,
  author = {R. S. Hirsh},
  title = {High Order Accurate Difference Solutions of Fluid Mechanics problem
	bu a Compact Differencing Technique},
  journal = {J. Comput. Phys.},
  year = {1975},
  volume = {{\bf 19}},
  pages = {90--109}
}

@INPROCEEDINGS{dns11,
  author = {S. H. Hu and X. Zhong},
  title = {Nonparallel Stability Analysis of Hypersonic Flow over a Swept Blunt
	Leading Edge},
  booktitle = {37th AIAA Aerospace Sciences Meeting and Exhibit},
  year = {1999},
  address = {Reno, NV}
}

@ARTICLE{Husain2010,
  author = {S. Z. Husain and J. M. Floryan},
  title = {Spectrally-accurate algorithm for moving boundary problems for the
	Navier-Stokes Equations},
  journal = {J. Comput. Phys.},
  year = {2010},
  volume = {229},
  pages = {2287-2313},
  number = {6},
  doi = {10.1016/j.jcp.2009.11.035},
  owner = {josuelkr},
  timestamp = {2011.04.26}
}

@ARTICLE{Husain2008,
  author = {S. Z. Husain and J. M. Floryan},
  title = {Gridless spectral algorithm for stokes flow with moving boundaries},
  journal = {Computer Methods in Applied Mechanics and Engineering},
  year = {2008},
  volume = {198},
  pages = {245-259},
  owner = {josuelkr},
  timestamp = {2011.04.26}
}

@ARTICLE{Husain2008a,
  author = {S. Z. Husain and J. M. Floryan},
  title = {Implicit spectrally-accurate method for moving boundary problems
	using immersed boundary conditions concept},
  journal = {J. Comput. Phys.},
  year = {2008},
  volume = {227},
  pages = {4459-4477},
  number = {9},
  owner = {josuelkr},
  timestamp = {2011.04.26}
}

@ARTICLE{Husain2007,
  author = {S. Z. Husain and J. M. Floryan},
  title = {Immersed boundary conditions method for unsteady flow problems described
	by the Laplace operator},
  journal = {International Journal for Numerical Methods in Fluids},
  year = {2007},
  volume = {46},
  pages = {1765-1786},
  owner = {josuelkr},
  timestamp = {2011.04.26}
}

@ARTICLE{Husain2009,
  author = {S. Z. Husain and J. Szumbarski and J. M. Floryan},
  title = {Over-constrained formulation of the immersed boundary condition method},
  journal = {Computer Methods in Applied Mechanics and Engineering},
  year = {2009},
  volume = {199},
  pages = {94-112},
  owner = {josuelkr},
  timestamp = {2011.04.26}
}

@ARTICLE{hwang95,
  author = {G. J. Hwang and M. H. Lin },
  title = {Estimation of the Onset of Longitudinal Vortices in a Laminar Boundary
	layer headted From Below},
  journal = {ASME J. Hear Transfer},
  year = {1995},
  volume = {{\bf 117}},
  pages = {835--842}
}

@ARTICLE{jeong95,
  author = {J. Jeong and F. Hussain},
  title = {On the identification of a vortex},
  journal = {J. Fluid Mech.},
  year = {1995},
  volume = {{\bf 285}},
  pages = {69--94}
}

@ARTICLE{Jiang2005,
  author = {Yan Jiang and J. M. Floryan},
  title = {Finite-difference 4th-order compact scheme for the direct numerical
	simulation of instabilities of shear layers},
  journal = {International Journal for Numerical Methods in Fluids},
  year = {2005},
  volume = {48},
  pages = {1259-1281},
  owner = {josuelkr},
  timestamp = {2011.04.26}
}

@ARTICLE{joslin98a,
  author = {R. D. Joslin},
  title = {Aircraft Laminar Flow Control},
  journal = {Ann. Rev. Fluid Mech.},
  year = {1998},
  volume = {{\bf 30}},
  pages = {1--29}
}

@TECHREPORT{joslin98b,
  author = {R. D. Joslin},
  title = {Overview of Laminar Flow Control},
  institution = {National Aeronautics and Space Administration -- NASA},
  year = {1998},
  number = {NASA TP-1998-209705}
}

@INPROCEEDINGS{dns1,
  author = {R. D. Joslin},
  title = {Discussion of {DNS}: Past, Present, and Future},
  booktitle = {First International Conference on Direct Numerical Simulation and
	Large Eddy Simulation},
  year = {1997},
  address = {Louisiana, USA}
}

@TECHREPORT{joslin94,
  author = {R. D. Joslin and G. Erlebacher and M. Y. Hussaini},
  title = {Active Control of Instabilities in Laminar Boundary Layer Flows ---
	Part I: An overview},
  institution = {National Aeronautics and Space Administration},
  year = {1994},
  number = {NASA CR 195016 - ICASE 94--97}
}

@TECHREPORT{sara,
  author = {A. Morgenstern Jr. and A. Eleutheriadis and A. L. Pereira and D.
	J. F. Villas B\^oas and P. Moraes Jr. and},
  title = {{MICROSAT-RR/SARA}: Relat\'orio de atividades, anteprojeto fase {I}},
  institution = {Centro T\'ecnico Aeroespacial - IAE/ASE-N},
  year = {1995}
}

@ARTICLE{kachanov84,
  author = {Y. S. Kachanov and V. Y. Levchenko},
  title = {The resonant interaction of disturbances at laminar-turbulent transition
	in a boundary layer},
  journal = {J. Fluid Mech.},
  year = {1984},
  volume = {138},
  pages = {209--247}
}

@INPROCEEDINGS{Keller1994,
  author = {F. J. Keller and T. W. Wang},
  title = {Flow and heat transfer behavior in transitional boundary layers with
	streamwise acceleration},
  booktitle = {International Gas Turbine Congress},
  year = {1994},
  owner = {josuelkr},
  timestamp = {2011.04.26}
}

@ARTICLE{kelly_pal_1978,
  author = {R. E. Kelly and D. Pal},
  title = {Thermal convection with spatially periodic boudary conditions: resonant
	wavelength excitation},
  journal = {J. Fluid Mech.},
  year = {1978},
  volume = {{\bf 86}},
  pages = {433--456}
}

@INPROCEEDINGS{Kestoras1993,
  author = {M. D. Kestoras and T. W. Simon},
  title = {Effect of free-stream turbulence intensity on a boundary layer recovering
	from concave curvature effects},
  booktitle = {International Gas Turbine Congress},
  year = {1993},
  owner = {josuelkr},
  timestamp = {2011.04.26}
}

@ARTICLE{killworth_manins_1980,
  author = {P. D. Killworth and P. C. Manins},
  title = {A model of confined thermal convection driven by non-uniform heating
	from below},
  journal = {J. Fluid Mech.},
  year = {1980},
  volume = {{\bf 98}},
  pages = {587--607}
}

@ARTICLE{klebanoff92,
  author = {P. S. Klebanoff and W. G. Cleveland and K. D. Tidstrom},
  title = {On the evolution of a turbulent boundary layer induced by a three-dimensional
	roughness element},
  journal = {J. Fluid Mech.},
  year = {1992},
  volume = {237},
  pages = {101-187},
  number = { },
  month = { },
  note = { },
  abstract = { },
  file = {#F#},
  keywords = { },
  source = { }
}

@ARTICLE{klebanoff62,
  author = {P. S. Klebanoff and K. D. Tidstrom and L. M. Sargent},
  title = {The three-dimensional nature of boundary layer instability},
  journal = {J. Fluid Mech.},
  year = {1962},
  volume = {12},
  pages = {1--34}
}

@ARTICLE{dns2,
  author = {L. Kleiser and T. A. Zang},
  title = {Numerical Simulation of Transition in Wall-Bounded Shear Flows},
  journal = {Ann. Rev. Fluid Mech.},
  year = {1998},
  volume = {{\bf 23}},
  pages = {495--537}
}

@ARTICLE{kloker98,
  author = {M. Kloker},
  title = {A Robust High-Resolution Split-Type Compact FD Scheme for Spatial
	Direct Numerical Simulation of Boundary-Layer Transition},
  journal = {Applied Scientific Research},
  year = {1998},
  volume = {{\bf 59}},
  pages = {353--377}
}

@ARTICLE{kloker93,
  author = {M. Kloker and U. Konzelmann and H. F. Fasel},
  title = {Outflow Boundary Conditions for Spatial Navier-Stokes Simulations
	of Transition Boundary Layers},
  journal = {AIAA Journal},
  year = {1993},
  volume = {{\bf 31}},
  pages = {620--628}
}

@ARTICLE{Konishi04,
  author = {Y. Konishi and M. Asai},
  title = {Experimental investigatin of the instability of spanwise-periodic
	low-speed streaks},
  journal = {Fluid Dynamics Research},
  year = {2004},
  volume = {{\bf 34}},
  pages = {299--315}
}

@INPROCEEDINGS{konzelmann,
  author = {U. Konzelmann and U. Rist and H. F. Fasel},
  title = {Numerical Investigation of the Effects of Longitudinal Votices on
	the Onset of Transition in a Flat Plate Boundary-Layer},
  booktitle = {Conference Proceedings AGARD},
  year = {1900},
  address = {{\bf 438}}
}

@BOOK{kopal61,
  title = {Numerical Analisys},
  publisher = {Chapman e Hall},
  year = {1961},
  author = {Z. Kopal}
}

@INBOOK{kosch93,
  chapter = {Part II},
  pages = {198--308},
  title = {B\'ernard Cells and Taylor Vortices},
  publisher = {Cambridge University Press.},
  year = {1993},
  author = {E. L. Koschmieder},
  series = {Cambridge Monographs on Mechanics and Applied Mathematics}
}

@INPROCEEDINGS{kottke86,
  author = {V. Kottke},
  title = {Taylor--{G}{\"o}rtler vortices and their effect on heat and mass
	transfer},
  booktitle = {8th Int. Heat Transfer Conf.},
  year = {1986},
  pages = {1139--1144},
  address = {Washington DC}
}

@INPROCEEDINGS{kral91,
  author = {L. D. Kral and H. F. Fasel},
  title = {Numerical Investigation of Three-Dimensional Active Control of Boundary-Layer
	Transition},
  year = {1991},
  volume = {{\bf 29}},
  pages = {1407--1417},
  journal = {AIAA Journal}
}

@BOOK{kundu90,
  title = {Fluid Mechanics},
  publisher = {Academic Press},
  year = {1990},
  author = {P.K. Kundu}
}

@INPROCEEDINGS{kwonetal2003,
  author = {Kwon, K.J. and Lee, J. Y. and Sung, B.},
  title = {PIV Measurements on the boundary Layer Flow around Naro Space Center},
  booktitle = {5th International Symposium on Particle Image Velocimetry},
  year = {2003},
  address = {Busan, Korea}
}

@MASTERSTHESIS{lacerdamt,
  author = {Lacerda, J. F.},
  title = {Simula\c c\~ao Num\'erica do Escoamento em Difusores Radiais usando
	o M\'etodo da Fronteira Imersa},
  school = {Universidade Estadual Paulista},
  year = {2009}
}

@ARTICLE{lardat97,
  author = {R. Lardat and F. Bertagnolio and O. Daube},
  title = {La Formulation Vitesse-Tourbillon en Maillage D\'{e}cal\'{e}: Une
	M\'{e}tode de Projection},
  journal = {C. R. Acad. Sci. Paris},
  year = {1997},
  volume = {{\bf 324}},
  pages = {747--753}
}

@ARTICLE{dns4,
  author = {E. Laurien and L. Kleiser},
  title = {Numerical Simulation of Boundary-Layer Transition and Transition
	Control},
  journal = {J. Fluid Mech.},
  year = {1989},
  volume = {{\bf 199}},
  pages = {403--440}
}

@ARTICLE{lee92,
  author = {K. Lee and J. T. C. Liu},
  title = {On the Growth of the Mushroomlike Structures in nonlinear Spatially
	Developing Goertler Vortex Flow},
  journal = {Phys. Fluids},
  year = {1992},
  volume = {{\bf A4}},
  pages = {95--103}
}

@ARTICLE{lele92,
  author = {S. Lele},
  title = {Compact Finite Difference Schemes with Spectral-like Resolution},
  journal = {J. Comput. Phys.},
  year = {1992},
  volume = {{\bf 103}},
  pages = {16--42}
}

@ARTICLE{li95,
  author = {F. Li and M. R. Malik},
  title = {Fundamental and Subharmonic Secondary Instability of {G}{\"o}rtler
	Vortices},
  journal = {J. Fluid Mech.},
  year = {1995},
  volume = {{\bf 297}},
  pages = {77--100}
}

@ARTICLE{malik95,
  author = {F. Li and M. R. Malik},
  title = {Fundamental and Subharmonic Secondary Instability of {G}{\"o}rtler
	Vortices},
  journal = {J. Fluid Mech.},
  year = {1995},
  volume = {{\bf 297}},
  pages = {77--100}
}

@ARTICLE{lighthill1952,
  author = {Lighthill, M. J.},
  title = {On Sound Generated Aerodynamically. I. General Theory},
  journal = {Proc. R. Soc. London A},
  year = {1952},
  volume = {{\bf 211}},
  pages = {564--587}
}

@TECHREPORT{lilley1974,
  author = {Lilley, G. M.},
  title = {On the noise from jets},
  institution = {Advisory Group for Aerospace Research and Development -- AGARD},
  year = {1974},
  number = {CP 131}
}

@ARTICLE{lin99,
  author = {M. H. Lin and G. J. Hwang},
  title = {Numerical Prediction of the Formation of {G}{\"o}rtler Vortices on
	a Concave Surface With Suction and Blowing},
  journal = {Int. J. for Numerical Methods in Fluids},
  year = {1999},
  volume = {{\bf 31}},
  pages = {1281--1295}
}

@MASTERSTHESIS{linnick-msc,
  author = {M. N. Linnick},
  title = {Investigation of Actuators for use in Active Flow Control},
  school = {University of Arizona},
  year = {1999}
}

@BOOK{liu1990,
  title = {Wind Engineering -- A handbook for structural engineers},
  publisher = {Prentice Hall},
  year = {1990},
  author = {Liu, H}
}

@ARTICLE{liu08,
  author = {J. T. C. Liu},
  title = {Nonlinear instability of developing streamwise vortices with applications
	to boundary layer heat transfer instensification through an extended
	Reynolds analogy},
  journal = {Philolsofical Transactions of the Royal Society},
  year = {2008},
  volume = {{\bf 366}},
  pages = {2699--2716}
}

@ARTICLE{liu95,
  author = {J. T. C. Liu and K. Lee},
  title = {Heat transfer in a strongly spatially developing longitudinal vorticity
	system},
  journal = {Phys. Fluids},
  year = {1995},
  volume = {{\bf 7}},
  pages = {559--599}
}

@ARTICLE{wliu93,
  author = {W. Liu and J.A. Domaradzki},
  title = {Direct Numerical Simulation of Transition to Turbulence in {G}{\"o}rtler
	Flow},
  journal = {J. Fluid Mech.},
  year = {1993},
  volume = {{\bf 246}},
  pages = {267--299}
}

@ARTICLE{luchini98,
  author = {P. Luchini and A. Bottaro},
  title = {{G}{\"o}rtler vortices: a backward-in-time approach to the receptivity
	problem},
  journal = {J. Fluid Mech.},
  year = {1998},
  volume = {{\bf 363}},
  pages = {1--23}
}

@ARTICLE{lund96,
  author = {T. S. Lund and P. Moin},
  title = {Large-Eddy Simulation of a Concave Wall Boundary Layer},
  journal = {Int. J. Heat and Fluid Flow},
  year = {1996},
  volume = {{\bf 17}},
  pages = {290--295}
}

@ARTICLE{lyubimov_etal_2009,
  author = {T. P Lyubimov and D. V. Lyubimov and V. A. Morozov and R. V. Scurindin
	and H. B. Hadid and D. Henry},
  title = {Stability of convection in a horizontal channel subjected to a longitudinal
	temperature gradient. Part 1. Effect of aspect ratio and Prandtl
	number},
  journal = {J. Fluid Mech.},
  year = {2009},
  volume = {{\bf 635}},
  pages = {275--295}
}

@ARTICLE{maccormack70,
  author = {P.D. MacCormack and H. Welker and M. Kellerher},
  title = {Taylor--{G}{\"o}rtler vortices and their effect on heat transfer},
  journal = {AME J. Heat Transfer},
  year = {1970},
  volume = {{\bf 92}},
  pages = {101--112}
}

@ARTICLE{mahesh98,
  author = {K. Mahesh},
  title = {A Family of High Order Finite Difference Schemes with Good Spectral
	Resolution},
  journal = {J. Comput. Phys.},
  year = {1998},
  volume = {{\bf 145}},
  pages = {332--358}
}

@INPROCEEDINGS{malik86,
  author = {M. R. Malik},
  title = {Wave Interaction in Three-Dimensional Boundary Layers},
  booktitle = {AIAA Paper 86-1129},
  year = {1986}
}

@ARTICLE{malik90b,
  author = {M. R. Malik and A. A. Godil},
  title = {Nonlinear Development of {G}{\"o}rtler and Crossflow Vortices and
	{G}{\"o}rtler/ {T}ollmien-{S}chlichting Wave Interaction},
  journal = {NTIS, AD A 221 107},
  year = {1990}
}

@ARTICLE{malik90,
  author = {M. R. Malik and M. Y. Hussaini},
  title = {Numerical Simulation of Interactions Between {G}{\"o}rtler Vortices
	and {T}ollmien-{S}chlichting Waves},
  journal = {J. Fluid Mech.},
  year = {1990},
  volume = {{\bf 210}},
  pages = {183--199}
}

@ARTICLE{mancho_etal_1997,
  author = {A. M. Mancho and H. Herrero and J. Burguete},
  title = {Primary instability in convective cells due to nonuniform heating},
  journal = {Phys. Rev. E},
  year = {1997},
  volume = {{\bf 56(3)}},
  pages = {2916--2923}
}

@INCOLLECTION{manneville_1995,
  author = {Manneville, Paul},
  title = {Dissipative structures and weak turbulence},
  booktitle = {Chaos - The Interplay Between Stochastic and Deterministic Behaviour},
  publisher = {Springer Berlin / Heidelberg},
  year = {1995},
  volume = {{\bf 457}},
  series = {Lecture Notes in Physics},
  pages = {257--272}
}

@ARTICLE{mao2008,
  author = {Shaolin Mao and Monique Y. Leclerc and Efstathios E. Michaelides},
  title = {Passive scalar flux footprint analysis over horizontally inhomogeneous
	plant canopy using large-eddy simulation},
  journal = {Atmospheric Environment},
  year = {2008},
  volume = {42},
  pages = {5446 - 5458},
  number = {21},
  doi = {DOI: 10.1016/j.atmosenv.2008.02.029},
  issn = {1352-2310},
  keywords = {Large-eddy simulation (LES)},
  url = {http://www.sciencedirect.com/science/article/B6VH3-4RXJYWY-6/2/764447de095081469b4b47a6ab8e7b6e}
}

@ARTICLE{mayle,
  author = {R. E. Mayle},
  title = {The Role of Laminar-Turbulent Transition in Gas Turbine engines},
  journal = {J. Turbomachinery},
  year = {1991},
  volume = {{\bf 113}},
  pages = {509--537}
}

@ARTICLE{Mayle1991,
  author = {R. E. Mayle},
  title = {The role of laminar-turbulent transition in gas turbine engines},
  journal = {ASME Journal of Turbomachinery},
  year = {1991},
  volume = {113},
  pages = {509-537},
  owner = {josuelkr},
  timestamp = {2011.04.26}
}

@ARTICLE{mccoy_etal_2008,
  author = {J. M. Mccoy and W. Brunner and W. Pesch and E. Bodenschatz},
  title = {Self-organization of topological defects due to applied constraints},
  journal = {Phys. Rev. Lett.},
  year = {2008},
  volume = {{\bf 101}},
  pages = {254102}
}

@INPROCEEDINGS{medeiros00,
  author = {M. A. F. Medeiros },
  title = { Laminar-turbulent transition: the effect of modulation of the evolution
	of waves in boundary layers},
  booktitle = {8th brazilian congress on thermal engineering and sciences},
  year = {2000},
  address = {Porto Alegre},
  month = {October}
}

@INPROCEEDINGS{mfm1,
  author = {M. A. F. Medeiros and M. T. Mendon{\c c}a },
  title = {Nonlinear Three Dimensional Wavetrains of Small Amplitude in Boundary
	Layers: Experiments, Theory and Computations.},
  booktitle = {The IUTAM 99 Symp. on Laminar-Turbulent Transition},
  year = {1999},
  address = {Arizona, USA}
}

@PHDTHESIS{meitz96,
  author = {H. L. Meitz},
  title = {Numerical Investigation of Suction in a Trasitional Flat-Plate Boundary
	Layer},
  school = {The University of Arizona},
  year = {1996}
}

@ARTICLE{meitz00,
  author = {H. L. Meitz and H. F. Fasel},
  title = {A compact-difference scheme for the Navier-Stokes equations in vorticity-velocity
	formulation.},
  journal = {J. Comp. Phys.},
  year = {2000},
  volume = {{\bf 157}},
  pages = {371--403}
}

@INPROCEEDINGS{mendonca00d,
  author = {M. T. Mendon{\c ca} and M. A. F. Medeiros },
  title = {On subharmonic and flundamental instability modes in boundary layers},
  booktitle = {8th brazilian congress on thermal engineering and sciences},
  year = {2000},
  address = {Porto Alegre},
  month = {October},
  note = {in CD ROM}
}

@INBOOK{mendonca03,
  chapter = {5},
  pages = {01--50},
  title = {Estabilidade de Escoamentos Laminares: Teoria Linear},
  publisher = {ABCM - ETT 2000},
  year = {2003},
  author = {M. T. Mendon{\c c}a}
}

@INPROCEEDINGS{mendonca00c,
  author = {M. T. Mendon{\c c}a},
  title = {Parabolized Stability Equations: A Review},
  booktitle = {National Congress of Mechanical Engineering - CONEM 2000},
  year = {2000},
  address = {Natal - RN}
}

@PHDTHESIS{mendonca97t,
  author = {M. T. Mendon{\c c}a},
  title = {Numerical Analysis of {G}{\"o}rtler Vortices /{T}ollmien-{S}chlichting
	Waves Interaction With a Spatial Nonparallel Model},
  school = {The Pennsylvania State University},
  year = {1997}
}

@INPROCEEDINGS{Mendonca98,
  author = {M. T. Mendon{\c c}a and H. F. F. M. Carneiro },
  title = {The Development of {G}{\"o}rtler Vortices in Boundary Layers With
	Suction and Blowing},
  booktitle = {7th Brazilian Congress of Engineering and Thermal Sciences - ENCIT},
  year = {1998},
  address = {Rio de Janeiro - RJ}
}

@INPROCEEDINGS{mendonca89,
  author = {M. T. Mendon{\c c}a and E. F. Carvalho and E. L. Zaparoli },
  title = {Modelo de An{\'a}lise de Transfer{\^e}ncia de Calor Entre Gases de
	Combust{\~a}o e Palhetas de Turbinas a G{\'a}s},
  booktitle = {X Brazilian Congress of Mechanical Engineering},
  year = {1989},
  address = {Rio de Janeiro - RJ}
}

@BOOK{mendonca02,
  title = {Instabilidade Hidrodin{\^a}mica e transi{\c c}{\~a}o para turbul{\^e}ncia
	com aplica{\c c}{\~o}es em engenharia e meteorologia},
  publisher = {ENCIT - 2002},
  year = {2002},
  author = {M. T. Mendon{\c c}a and Marcello A. F. de Medeiros}
}

@INPROCEEDINGS{mendonca99,
  author = {M. T. Mendon{\c c}a and M. A. F. Medeiros},
  title = {Numerical investigation of nonlinear evolution of three-dimensional
	wavetrains in flat plate boundary-layers},
  booktitle = {Proceedings of the XV COBEM, Brazilian Congress on Mechanical Engineering},
  year = {1999},
  address = {Aguas de Lind{\'o}ia - SP}
}

@ARTICLE{mendonca00,
  author = {M. T. Mendon{\c c}a and P. J. Morris and L. L. Pauley},
  title = {Interaction Between {G}{\"o}rtler Vortices and two-dimensional {T}ollmien-{S}chlichting
	waves},
  journal = {Phys. Fluids},
  year = {2000},
  volume = {{\bf 12}},
  pages = {1--11},
  number = {5}
}

@INPROCEEDINGS{mendonca97,
  author = {M. T. Mendon{\c c}a and P. J. Morris and L. L. Pauley},
  title = {{G}{\"o}rtler Vortices {T}ollmien-{S}chlichting waves interaction:
	reassessment of previous results with a spatial/nonparallel model},
  booktitle = {XIV Brazilian Congress of Mechanical Engineering},
  year = {1997},
  address = {Bauru - SP}
}

@ARTICLE{mendonca00b,
  author = {M. T. Mendon{\c c}a and L. L. Pauley and P. J. Morris },
  title = {Influence of Wave Frequency on {G}{\"o}rtler Vortices, Three-dimensional
	{T}ollmien-{S}chlichting Waves Interaction},
  journal = {Revista Brasileira de Ci\^encias Mec\^anicas - RBCM},
  year = {2000},
  volume = {XXII},
  note = {I Escola de Primavera de Transi\cao e Turbul\^encia, Rio de Janeiro,
	setembro de 1998},
  numero = {1}
}

@INPROCEEDINGS{mendonca99b,
  author = {M. T. Mendon{\c c}a and L. L. Pauley and P. J. Morris },
  title = {Effect of Wave Frequency on {G}{\"o}rtler vortices {T}ollmien-{S}chlichting
	waves interaction},
  booktitle = {37th AIAA Aerospace Sciences Meeting and Exhibit},
  year = {1999},
  series = {AIAA paper 99-0818},
  address = {Reno, NV}
}

@INPROCEEDINGS{dns13,
  author = {R. Messing and M. Kloker and S. Wagner},
  title = {Effect of Suction Through Arrays of Holes on a 3-D Boundary Layer
	Investigated by Spatial Direct Numerical simulation},
  booktitle = {The IUTAM 99 Symp. on Laminar-Turbulent Transition},
  year = {1999},
  address = {Arizona, USA}
}

@INPROCEEDINGS{dns8,
  author = {D. Meyer and U. Rist and V. Gaponenko and Y. Kachanov and Q. Lian
	and C. Lee},
  title = {Late-Stage Transition Boundary-Layer Structures. Direct Numerical
	Simulation and Experiment},
  booktitle = {The IUTAM 99 Symp. on Laminar-Turbulent Transition},
  year = {1999},
  address = {Arizona, USA}
}

@ARTICLE{mito98,
  author = {Y. Mito and N. Kasagi},
  title = {{DNS} study of turbulence Modification With Streamwise-Uniform Sinusoidal
	Wall-Oscillation},
  journal = {Int. J. Heat and Fluid Flow},
  year = {1998},
  volume = {{\bf 19}},
  pages = {470--481}
}

@ARTICLE{Mitsudharmadi2006,
  author = {H. Mitsudharmadi and S. H. Winoto and D. A. Shah},
  title = {Development of most amplified wavelength {G}{\"o}rtler vortices},
  journal = {Phys. Fluids},
  year = {2006},
  volume = {18},
  pages = {n/a--n/a},
  number = {1},
  note = {art. no. 014101},
  owner = {josuelkr},
  timestamp = {2011.04.26}
}

@ARTICLE{Mitsudharmadi2005,
  author = {H. Mitsudharmadi and S. H. Winoto and D. A. Shah},
  title = {Splitting and merging of {G}{\"o}rtler vortices},
  journal = {Phys. Fluids},
  year = {2005},
  volume = {17},
  pages = {1-12},
  number = {12},
  note = {art. no. 124102},
  owner = {josuelkr},
  timestamp = {2011.04.26}
}

@ARTICLE{Mitsudharmadi2005a,
  author = {H. Mitsudharmadi and S. H. Winoto and D. A. Shah},
  title = {Secondary instability in forced wavelength {G}{\"o}rtler vortices},
  journal = {Phys. Fluids},
  year = {2005},
  volume = {17},
  pages = {1-8},
  number = {7},
  owner = {josuelkr},
  timestamp = {2011.04.26}
}

@ARTICLE{Mitsudharmadi2004,
  author = {H. Mitsudharmadi and S. H. Winoto and D. A. Shah},
  title = {Development of boundary layer flow in the presence of forced wavelength
	{G}{\"o}rtler vortices},
  journal = {Phys. Fluids},
  year = {2004},
  volume = {{\bf 16}},
  pages = {3983--3996}
}

@ARTICLE{Mohammadi2010,
  author = {A. Mohammadi and J. M. Floryan and P. N. Kaloni},
  title = {Spectrally accurate method for analysis of stationary flows of second-order
	fluids in rough micro-channels},
  journal = {International Journal for Numerical Methods in Fluids},
  year = {2010},
  volume = {n/a},
  pages = {n/a--n/a},
  owner = {josuelkr},
  timestamp = {2011.04.26}
}

@ARTICLE{Momayez2004,
  author = {L. Momayez and P. Dupont and H. Peerhossaini},
  title = {Some unexpected effects of wavelenght and perturbations strenght
	on heat transfer enhancement by {G}{\"o}rtler instability},
  journal = {Int. J. Heat Mass Transfer},
  year = {2004},
  volume = {{\bf 47}},
  pages = {3783--3795}
}

@ARTICLE{mullarney_etal_2004,
  author = {J. C. Mullarney and R. W. Griffiths and G. O Hughes},
  title = {Convection driven by differential heating at a horizontal boundary},
  journal = {J. Fluid Mech.},
  year = {2004},
  volume = {{\bf 516}},
  pages = {181--209}
}

@ARTICLE{myose95,
  author = {R. Y. Myose and R. F. Blackwelder},
  title = {Control of Streamwise Vortices Using Selective Suction},
  journal = {AIAA Journal},
  year = {1995},
  volume = {33},
  pages = {1076--1080},
  number = {6}
}

@ARTICLE{myose91,
  author = {R. Y. Myose and R. F. Blackwelder},
  title = {Controlling the Spacing of Streamwise Vortices on Concave Walls},
  journal = {AIAA Journal},
  year = {1991},
  volume = {29},
  pages = {1901--1905},
  number = {11}
}

@INPROCEEDINGS{vls,
  author = {L. R. Del M{\^o}naco and F. J. O. Moreira and C. M. R. Silva and
	E. Y. Itogawa and J. A. Silva and D. J. F. Villas B\^oas and P. Moraes
	Jr. and T. Yoshino and V. A. Silva},
  title = {Ve\'{\i}culos lan\c cadores de micro-sat\'elites},
  booktitle = {II Simp\'osio Brasileiro de Tecnologia Aeroespacial},
  year = {1994},
  address = {CTA/INPE, S\~ao Jos\'e dos Campos, SP}
}

@ARTICLE{napolitano91b,
  author = {M. Napolitano and L. A. Catalano},
  title = {A Multigrid solver for the vorticity-velocity Navier-Stokes equations},
  journal = {International Journal for Numerical Methods in Fluids},
  year = {1991},
  volume = {{\bf 13}},
  pages = {49--59}
}

@ARTICLE{napolitano91a,
  author = {M. Napolitano and G. Pascazio},
  title = {A Numerical Method for the Vorticity-Velocity Navier-Stokes Equations
	in Two and Three Dimensions},
  journal = {Computers \& Fluids},
  year = {1991},
  volume = {{\bf 19}},
  pages = {489--495}
}

@ARTICLE{narasim85,
  author = {R. Narasimha},
  title = {The Laminar-Turbulent Transition Zone in the Boundary Layer},
  journal = {Prog. Aerospace Sci.},
  year = {1985},
  volume = {{\bf 22}},
  pages = {29--80}
}

@ARTICLE{natarajan_etal_2008,
  author = {E. Natarajan and T. Basak and S. Roy},
  title = {Natural convection flows in a trapezoidal enclosure with uniform
	and non-uniform heating of bottom wall},
  journal = {Int. J. Heat Mass. Trans.},
  year = {2008},
  volume = {{\bf 51}},
  pages = {747--756}
}

@ARTICLE{nayfeh81,
  author = {A. H. Nayfeh},
  title = {Effect of Streamwise Vortices on {T}ollmien-{S}chlichting Waves},
  journal = {J. Fluid Mech.},
  year = {1981},
  volume = {{\bf 107}},
  pages = {441--453}
}

@ARTICLE{nayfeh88,
  author = {A. H. Nayfeh and A. Al-Maaitah},
  title = {Influence of Streamwise Vortices on {T}ollmien-{S}chlichting Waves},
  journal = {Phys. Fluids},
  year = {1988},
  volume = {{\bf 31}},
  pages = {3543--3549},
  number = {12}
}

@ARTICLE{ni98,
  author = {A. L. Ni},
  title = {Pressure Boundary Conditions for the Vorticity-Velocity Formulation
	of the Navier-Stokes Equations},
  journal = {Engineering Analisys with Boundary Elements},
  year = {1998},
  volume = {{\bf 22}},
  pages = {33--40}
}

@ARTICLE{nigim85,
  author = {H. H. Nigim and D. J. Cockrell},
  title = {Effects caused by small discrete two-dimensional roughness elements
	immersed in turbulent boundary layers},
  journal = {J. Fluid Mech.},
  year = {1985},
  volume = {153},
  pages = {17-30},
  number = { },
  month = { },
  note = { },
  abstract = { },
  file = {#F#},
  keywords = { },
  source = { }
}

@TECHREPORT{niwa1,
  author = {M. Niwa},
  title = {Propuls\~ao l\'{\i}quida no {B}rasil e no exterior - um paralelo},
  institution = {Centro T\'ecnico Aeroespacial - IAE},
  year = {1995},
  type = {Relat\'orio T\'ecnico},
  number = {RT 094 ASE-P}
}

@INPROCEEDINGS{niwa2,
  author = {M. Niwa and T. Yoshino},
  title = {Propuls\~ao L\'{\i}quida no {B}rasil},
  booktitle = {Proceedings of the XIV COBEM, Brazilian Congress of Mechanical Engineering},
  year = {1997},
  address = {Bauru - SP}
}

@ARTICLE{oberbeck_1879,
  author = {A. Oberbeck},
  title = {Ueber die Warmleitung der Flussigkeiten bei Berucksichtigung der
	Stromungen infolge von Temperaturdifferenzen},
  journal = {Ann. Phys. Chem.},
  year = {1879},
  volume = {{\bf 7}},
  pages = {271--292}
}

@ARTICLE{oberkampf02,
  author = {W. L. Oberkampf and T. G. Trucano},
  title = {Verification and Validation in Computational Fluid Dynamics},
  journal = {Prog. Aerospace Sci.},
  year = {2002},
  volume = {{\bf 38}},
  pages = {209--272}
}

@BOOK{prandtl_ess_2004,
  title = {Prandtl's Essentials of Fluid Mechanics},
  publisher = {Springer},
  year = {2004},
  author = {H. Oertel}
}

@ARTICLE{Or_2001,
  author = {A. C. Or},
  title = {Onset condition of modulated Rayleigh-Benard convection at low frequency},
  journal = {Phys. Rev. E},
  year = {2001},
  volume = {{\bf 64}},
  pages = {050201}
}

@ARTICLE{Or_kelly_1999,
  author = {A. C. Or and R. E. Kelly},
  title = {Time-modulated convection with zero mean temperature gradient},
  journal = {Phys. Rev. E},
  year = {1999},
  volume = {{\bf 60(2)}},
  pages = {1741--1747}
}

@INPROCEEDINGS{otto1995,
  author = {S. R. Otto},
  title = {On the secondary instability of {G}{\"o}rtler vortices in three-dimensional
	by a Harmonic Point Source},
  booktitle = {The IUTAM 95 Symp. on Laminar-Turbulent Transition},
  year = {1999},
  pages = {85--94},
  address = {Manchester, GB}
}

@ARTICLE{pal_etal_2009,
  author = {P. Pal and P. Wahi and S. Paul and M. K. Verma and K. Kumar and P.
	K. Mishra},
  title = {Bifurcation and chaos in zero-Prandtl-number convection},
  journal = {EPL 87},
  year = {2009},
  volume = {{}},
  pages = {54003}
}

@ARTICLE{pauley,
  author = {L. L. Pauley and S. N. Dagher},
  title = {Supersonic Boundary-Layer Stability in a High-Area-Ratio Nozzle},
  journal = {AIAA Journal},
  year = {1993},
  volume = {{\bf 31}},
  pages = {534--539},
  number = {3}
}

@INPROCEEDINGS{Peerhossaini1988,
  author = {Peerhossaini, H. and Wesfreid, J. E.},
  title = {Experimental study of the {G}{\"o}rtler instability},
  booktitle = {Propagation in Systems For From Equilibrium},
  year = {1988},
  editor = {Wesfreid, J.E and Brand, H. and Mannville, P. and Albinet, G. and
	Boccara, N.},
  pages = {399-412},
  publisher = {Springer},
  owner = {josuelkr},
  timestamp = {2011.04.26}
}

@ARTICLE{pesch_etal_2008,
  author = {W. Pesch and D. Palaniappani and J. Tao and F. H. Busse},
  title = {Convection in heated layers subjected to time-periodic horizontal
	accelerations},
  journal = {J. Fluid Mech.},
  year = {2008},
  volume = {{\bf 596}},
  pages = {313--326}
}

@ARTICLE{peskin77,
  author = {C. S. Peskin},
  title = {Numerical Analisys of Blood Flow in the Heart},
  journal = {J. Comput. Phys.},
  year = {1977},
  volume = {{\bf 25}},
  pages = {220--252}
}

@ARTICLE{peskin72,
  author = {C. S. Peskin},
  title = {Flow Patterns Around Heart Valves: A Numerical Method},
  journal = {J. Comput. Phys.},
  year = {1972},
  volume = {{\bf 10}},
  pages = {252--271}
}

@ARTICLE{petitjeans96,
  author = {P. Petitjeans and J. E. Wesfreid},
  title = {Spatial Evolution of {G}{\"o}rtler Instability in a Curved Duct of
	High Curvature},
  journal = {AIAA Journal},
  year = {1996},
  volume = {{\bf 34}},
  pages = {1793--1800}
}

@PHDTHESIS{pires_th,
  author = {Pires, L. B. M.},
  title = {Estudo da Camada Limite Interna desenvolvida em falésias com aplicação
	para o Centro de Lançamento de Alcântara},
  school = {Instituto Nacional de Pesquisas Espaciais},
  year = {2009}
}

@ARTICLE{pires_2009b,
  author = {Pires, L. B. M. and Avelar, A. C. and Fisch, G. and Roballo, S. T.
	and Souza, L. F. and Gielow, R. and Girardi, R. M.},
  title = {Studies using wind tunnel to simulate the Atmospheric Boundary Layer
	at the Alcântara Space Center},
  journal = {Journal of Aerospace Technology and Management},
  year = {2009},
  volume = {{\bf 1}},
  pages = {91--98}
}

@ARTICLE{pires_2005,
  author = {Pires, L. B. M. and Fisch, G.},
  title = {Ventos da Camada Limite Superficial no Centro de Lancamento de Alc\^antara
	(CLA)},
  journal = {Ci\^encia e Natura},
  year = {2005},
  volume = {{\bf Dez/05}},
  pages = {213--216}
}

@ARTICLE{pires_2009a,
  author = {Pires, L. B. M. and Fisch, G. and Avelar, A. C. and Gielow, R. and
	Girardi, R. M.},
  title = {Analise do escoamento sobre falesias realizado com Velocimetria por
	Imagem de Particulas},
  journal = {Ci\^encia e Natura},
  year = {2009},
  volume = {{\bf 1}},
  pages = {1--9}
}

@ARTICLE{pires_2010a,
  author = {Pires, L. B. M. and Roballo, S. T. and Fisch, G. and Avelar, A. C.
	and Girardi, R. M. and Gielow, R.},
  title = {Atmospheric flow measurements using the PIV and HWA techniques},
  journal = {Journal of Aerospace Technology and Management},
  year = {2010},
  volume = {{\bf 2}},
  pages = {127--136}
}

@ARTICLE{pires_2010b,
  author = {Pires, L. B. M. and Souza, L. F. and Fisch, G. and Gielow, R.},
  title = {Numerical study of the atmospheric flow over a coastal cliff},
  journal = {International Journal for Numerical Methods in Fluids},
  year = {2010},
  volume = {{\bf 1}},
  pages = {1--19}
}

@ARTICLE{pires_2007,
  author = {Pires, L. B. M. and Souza, L. F. and Fisch, G. and Gielow, R.},
  title = {Impacto da altura das falésias na geração de turbulência},
  journal = {Ci\^encia e Natura},
  year = {2007},
  volume = {{\bf Dez/07}},
  pages = {319--324}
}

@INPROCEEDINGS{souza07g,
  author = {Pires, L. B. M. and Souza, Leandro Franco de},
  title = {Numerical simulation of the internal boundary layer at the alcantara
	space center facilities,},
  booktitle = {Proceedings of 19th International Congress of Mechanical Engineering
	},
  year = {2007},
  address = {Bras{\'{\i}}lia}
}

@ARTICLE{souza08e,
  author = {Pires, L. B. M. and Souza, Leandro Franco de and Fisch, G. and Gielow,
	R.},
  title = {La influencia de la altura de la capa limite oceanica en el centro
	de lanzamientos de Alcantara},
  journal = {Informacion Tecnologica},
  year = {2008},
  volume = {submitted},
  pages = {1--13}
}

@ARTICLE{souza07b,
  author = {Pires, L. B. M. and Souza, Leandro Franco de and Fisch, G. and Gielow,
	R.},
  title = {Impacto da altura das fal\'esias na gera\c c\~ao de turbulência},
  journal = {Ciência e Natura},
  year = {2007},
  volume = {Dez/07},
  pages = {319--324}
}

@INPROCEEDINGS{souza07i,
  author = {Pires, L. B. M. and Souza, Leandro Franco de and Fisch, G. and Gielow,
	R.},
  title = {A Influência da Altura da Camada Limite Oce\^anica no Centro de Lançamento
	de Alc\^antara},
  booktitle = {Anais do 8º Congresso Ibero-Americano de Engenharia Mec\^anica},
  year = {2007},
  address = {Cusco}
}

@INPROCEEDINGS{souza07j,
  author = {Pires, L. B. M. and Souza, Leandro Franco de and Fisch, G. and Gielow,
	R.},
  title = {Internal Boundary Layer Structure at the Alcantara Space Center Facilities},
  booktitle = {Proceedings of IUGG XXIV General Assembly},
  year = {2007},
  address = {Perugia / IT}
}

@ARTICLE{pitsch2006,
  author = {Pitsch, Heinz},
  title = {Large-Eddy Simulation of Turbulent Combustion},
  journal = {Ann. Rev. Fluid Mech.},
  year = {2006},
  volume = {{\bf 38}},
  pages = {453--482}
}

@BOOK{pope2000,
  title = {Turbulent Flows},
  publisher = {Cambridge University Press},
  year = {2000},
  author = {Pope, Stephen}
}

@ARTICLE{prabha_2008,
  author = {Prabha, T. V. and Leclerc M. Y. and Baldocchi D.},
  title = {Comparison of In-Canopy Flux Footprints between Large-Eddy Simulation
	and the Lagrangian Simulation},
  journal = {Journal of Applies Meteorology and Climatology},
  year = {2008},
  volume = {{\bf 47}},
  pages = {2115--2128}
}

@BOOK{nrecipes,
  title = {Numerical Recipes in Fotran77: the art of Scientific Computing},
  publisher = {Cambridge University Press},
  year = {1992},
  author = {William H. Press and Brian P. Flannery and Saul A. Teukolsky and
	William T. Vetterling}
}

@ARTICLE{Quadrio2007,
  author = {M. Quadrio and J. M. Floryan and P. Luchini},
  title = {Effects of streamwise-periodic wall transpiration on turbulent friction
	drag},
  journal = {J. Fluid Mech.},
  year = {2007},
  volume = {507},
  pages = {425-444},
  owner = {josuelkr},
  timestamp = {2011.04.26}
}

@ARTICLE{Quadrio2005,
  author = {M. Quadrio and J. M. Floryan and P. Lucini},
  title = {Modification of turbulent flow using distributed suction},
  journal = {Canadian Aeronautics \& Space Instiute Journal},
  year = {2005},
  volume = {51},
  pages = {61-69},
  owner = {josuelkr},
  timestamp = {2011.04.26}
}

@ARTICLE{rayleigh_1916,
  author = {J. W. S. Rayleigh},
  title = {On convection currents in a horizontal layer of fluid, when the higher
	temperature is on the under side},
  journal = {Phil. Mag.},
  year = {1916},
  volume = {{\bf 32(6)}},
  pages = {529--546}
}

@ARTICLE{rayleigh17,
  author = {Lord Rayleigh},
  title = {On the Dynamics of Revolving Fluids},
  journal = {Proceedings of the Royal Society of London},
  year = {1917},
  volume = {{\bf 93}},
  pages = {148--154}
}

@ARTICLE{reed98,
  author = {H. L. Reed and T. S. Haynes and W. S. Saric},
  title = {Computational Fluid Dynamics Validation Issues in Transition Modeling},
  journal = {AIAA journal},
  year = {1998},
  volume = {{\bf 36}},
  pages = {742--751}
}

@MASTERSTHESIS{paulo02,
  author = {P. A. R. Ribeiro},
  title = {Desprendimento de V\'ortices e Controle em Esteira de Cilindros por
	Simula{\c c}{\~a}o Num{\'e}rica Direta},
  school = {Universidade Federal do Rio Grande do Sul},
  year = {2002}
}

@ARTICLE{rist95,
  author = {U. Rist and H. F. Fasel},
  title = {Direct Numerical Simulation of Controlled Transition in a Flat Plate
	Boundary Layer},
  journal = {J. Fluid Mech.},
  year = {1995},
  volume = {{\bf 298}},
  pages = {211--248}
}

@ARTICLE{roache97,
  author = {P. J. Roache},
  title = {Quantification of Uncertainty in Computational Fluid Dynamics},
  journal = {Ann. Rev. Fluid Mech.},
  year = {1997},
  volume = {{\bf 29}},
  pages = {123--160}
}

@BOOK{roache72,
  title = {Computational Fluid Dynamics},
  publisher = {Hermosa Publishers},
  year = {1972},
  author = {P. J. Roache}
}

@ARTICLE{Roberts2008,
  author = {P. J. D. Roberts and J. M. Floryan},
  title = {Instability of adverse-pressure-gradient boundary layers with suction},
  journal = {AIAA Journal},
  year = {2008},
  volume = {46},
  pages = {2416-2423},
  owner = {josuelkr},
  timestamp = {2011.04.26}
}

@ARTICLE{Rondonuwu2006,
  author = {C. C. Rondonuwu and S. H. Winoto},
  title = {Pressure distributions along vertical hydrodynamic herringbone-grooved
	journal bearings},
  journal = {Tribology Transactions},
  year = {2006},
  volume = {49},
  pages = {174-181},
  number = {2},
  owner = {josuelkr},
  timestamp = {2011.04.26}
}

@INPROCEEDINGS{souza06c,
  author = {Rosa, Marco Aur\'elio and Souza, Leandro Franco de},
  title = {Simula\c c\~ao num\'erica da instabilidade de camada cisalhante livre
	bidimensional},
  booktitle = {Anais da 5a Escola de Primavera de Transi\c c\~ao e Turbulência},
  year = {2006},
  address = {Rio de Janeiro -- BR}
}

@ARTICLE{rossby_1998,
  author = {T. Rossby},
  title = {Numerical experiments with a fluid heated non-uniformly from below},
  journal = {Tellus},
  year = {1998},
  volume = {{\bf 50A}},
  pages = {242--257}
}

@ARTICLE{sabry91,
  author = {A. S. Sabry and J. C. T. Liu},
  title = {Longitudinal vorticity elements in boundary layers: nonlinear development
	from initial {G}{\"o}rtler vortices as a prototype problem},
  journal = {J. Fluid Mech.},
  year = {1991},
  volume = {{\bf 231}},
  pages = {615--663}
}

@INPROCEEDINGS{sabry89,
  author = {A. S. Sabry and X. Yu and J. C. T. Liu},
  title = {Secondary instabilities of Three-Dimensional infleccional velocity
	Profiles Resulting from Longitudinal Vorticity Elements in Boundary
	Layers},
  booktitle = {The IUTAM 89 Symp. on Laminar-Turbulent Transition},
  year = {1989},
  address = {Toulouse, France}
}

@BOOK{sagaut2006,
  title = {Large Eddy Simulation for Incompressible Flows (Third Edition ed.).},
  publisher = {Springer},
  year = {2006},
  author = {Sagaut, Pierre}
}

@ARTICLE{saiki97,
  author = {E. M. Saiki and S. Biringen},
  title = {Spatial numerical simulation of boundary layer transition: effects
	of a spherical particle},
  journal = {J. Fluid. Mech.},
  year = {1997},
  volume = {345},
  pages = {133-164},
  number = { },
  month = { },
  note = { },
  abstract = { },
  file = {#F#},
  keywords = { },
  source = { }
}

@INPROCEEDINGS{souza06a,
  author = {Santana, L. D. de and Souza, L. F.},
  title = {Numerical propagation of one-dimensional waves with low-dispersion
	and low-dissipation methods},
  booktitle = {Anais da 5a Escola de Primavera de Transi\c c\~ao e Turbulência},
  year = {2006},
  address = {Rio de Janeiro -- BR}
}

@INPROCEEDINGS{souza06f,
  author = {Santana, Leandro Dantas de and Souza, Leandro Franco de},
  title = {Numerical Solution of 2-Dimensional Linearized Euler Equations for
	Acoustic Waves in Flow},
  booktitle = {Proceedings of the 11 Brazilian Congress of Thermal Engineering and
	Sciences},
  year = {2006},
  pages = {1--10},
  address = {Curitiba}
}

@ARTICLE{saric94,
  author = {W. S. Saric},
  title = {{G}{\"o}rtler Vortices},
  journal = {Ann. Rev. Fluid Mech.},
  year = {1994},
  volume = {{\bf 26}},
  pages = {379--409}
}

@ARTICLE{saric75,
  author = {W. S. Saric and A. H. Nayfeh},
  title = {Nonparallel stability of boundary-layer flows},
  journal = {Phys. Fluids},
  year = {1975},
  volume = {{\bf 18}},
  pages = {945--950}
}

@BOOK{schilichting79,
  title = {Boundary-Layer Theory},
  publisher = {McGraw-Hill, IncH.},
  year = {1979},
  author = {H. Schilichting}
}

@ARTICLE{schluter_etal_1965,
  author = {A. Schluter and D. Lortz and F. Busse},
  title = {On the stability of steady finite amplitude convection},
  journal = {J. Fluid. Mech.},
  year = {1965},
  volume = {{\bf 23}},
  pages = {129--144}
}

@BOOK{schmid01,
  title = {Stability and Transition in Shear Flows},
  publisher = {Springer},
  year = {2001},
  author = {P. J. Schmid and D. S. Henningson}
}

@ARTICLE{sedney73,
  author = {R. Sedney},
  title = {A survey of the effect of small protuberances on boundary layer flows},
  journal = {AIAA Journal},
  year = {1973},
  volume = {11},
  pages = {782-792},
  number = {6},
  month = { },
  note = { },
  abstract = { },
  file = {#F#},
  keywords = { },
  source = { }
}

@ARTICLE{seiden_etal_2008,
  author = {G. Seiden and S. Weiss and J. H. Mccoy and W. Pesch and E. Bodenschatz},
  title = {Pattern forming system in the presence of different symmetry-breaking
	mechanisms},
  journal = {Phys. Rev. Lett.},
  year = {2008},
  volume = {{\bf 101}},
  pages = {214503}
}

@ARTICLE{Sharma1988a,
  author = {Sharma, O. P. and Renaud, E. and Butler, T. L. and Milsaps, K. and
	Dring, R. P. and Joslyn, H. D.},
  title = {Rotor-stator interaction in multi-stage axial-flow turbines},
  journal = {AIAA},
  year = {1988},
  volume = {AIAA-88-3013},
  pages = {n-a},
  owner = {josuelkr},
  timestamp = {2011.04.26}
}

@ARTICLE{Sharma1982,
  author = {Sharma, O. P. and Wells, R. A. and Schlinker, R. H. and Bailey, D.
	A.},
  title = {Boundary layer development on turbine airfoil suction surfaces},
  journal = {ASME Journal of Eng. for Power},
  year = {1982},
  volume = {104},
  pages = {698-706},
  owner = {josuelkr},
  timestamp = {2011.04.26}
}

@ARTICLE{shen1997,
  author = {Shen, S. and Leclerc M. Y.},
  title = {Modelling the turbulence structure in the canopy layer},
  journal = {Agricultural and Forest Meteorology},
  year = {1997},
  volume = {{\bf 87}},
  pages = {3--25}
}

@ARTICLE{shen1995,
  author = {Shen, S. and Leclerc M. Y.},
  title = {How Large Must Surface Inhomogeneities Be Before They Influence the
	Convective Boundary Layer Structure? A Case Study.},
  journal = {Journal of Royal Meteorology Society},
  year = {1995},
  volume = {{\bf 121}},
  pages = {1209--1228}
}

@ARTICLE{shen1994,
  author = {Shen, S. and Leclerc M. Y.},
  title = {Large-Eddy Simulation of Small Scale Surface Effects on the Convestive
	Boundary layer Structure},
  journal = {Atmosphere-Ocean},
  year = {1994},
  volume = {{\bf 34}},
  pages = {717--731}
}

@ARTICLE{lima03,
  author = {A. L. F. Lima e Silva and A. Silveira-Neto and J. J. R. Damasceno},
  title = {Numerical simulation of two-dimensional flows over a circular cylinder
	using the immersed boundary method},
  journal = {J. Comput. Phys.},
  year = {2003},
  volume = {{\bf 189}},
  pages = {351--370}
}

@INPROCEEDINGS{souza05f,
  author = {H. G. Silva and M. A. F. Medeiros and L. F. Souza},
  title = {A Verification test for a Direct Numerical Simulation Code that uses
	a High Order Discretization Scheme},
  booktitle = {Proceedings of COBEM 2005},
  year = {2005},
  address = {Ouro Preto - MG}
}

@ARTICLE{souza09b,
  author = {Silva, H. G. da and Souza L. F. and Medeiros M. A. F.},
  title = {Verifications of a mixed High-Order Accurate DNS Code for Laminar-Turbulent
	Transition by the Method of Manufactured Solution},
  journal = {International Journal for Numerical Methods in Fluids},
  year = {2009},
  volume = {xxx},
  pages = {1--15}
}

@INPROCEEDINGS{souza06j,
  author = {Silva, Homero Ghioti da and Souza, Leandro Franco de and Medeiros,
	Marcello Augusto Faraco de},
  title = {Verification of a DNS code of high order of accuracy using the method
	of manufactured solutions},
  booktitle = {Proceedings of the 11 Brazilian Congress of Thermal Engineering and
	Sciences},
  year = {2006},
  pages = {1--10},
  address = {Curitiba}
}

@ARTICLE{silvestrini00b,
  author = {J. H. Silvestrini},
  title = {Dynamics of coherent vortices in mixing layers using direct numerical
	and large-eddy simulations},
  journal = {JBSMS},
  year = {2000},
  volume = {{\bf XXII}},
  pages = {53--67},
  number = {1}
}

@TECHREPORT{singer93,
  author = {B. A. Singer},
  title = {Modeling the Transition Region},
  institution = {National Aeronautics and Space Administration -- NASA},
  year = {1993},
  number = {NASA CR 4492}
}

@ARTICLE{singh_bajaj_2009,
  author = {J. Singh and R. Bajaj},
  title = {Temperature modulation in a ferrofluid convection},
  journal = {Phys. Fluid},
  year = {2009},
  volume = {{\bf 21}},
  pages = {064105}
}

@TECHREPORT{skote01,
  author = {M. Skote},
  title = {Studies of Turbulent Boundary Layer Flow Through Direct Numerical
	Simulation},
  institution = {Royal Institute of Technology - Sweden},
  year = {2001}
}

@ARTICLE{smagorinsky1963,
  author = {Smagorinsky, Joseph},
  title = {General Circulation Experiments with the Primitive Equations},
  journal = {Monthly Weather Review},
  year = {1963},
  volume = {{\bf 91}},
  pages = {99--164}
}

@BOOK{soedel2006,
  title = {Sound and vibrations of positive displacement compressors},
  publisher = {Boca Raton, CRC Press},
  year = {2006},
  author = {Soedel, W.}
}

@MASTERSTHESIS{soutomt,
  author = {Souto, L. E. M.},
  title = {Investiga\c c\~ao experimental do escoamento turbulento em v\'alvulas
	de compressores},
  school = {Universidade Federal de Santa Catarina},
  year = {2002}
}

@INPROCEEDINGS{souza05b,
  author = {L. F. Souza},
  title = {Numerical Simulation of a FLow Over a Circular Cylinder Using Immersed
	Boundary Method in Vorticity-Velocity Formulation},
  booktitle = {Proceedings of COBEM 2005},
  year = {2005},
  address = {Ouro Preto - MG}
}

@INPROCEEDINGS{souza05c,
  author = {L. F. Souza},
  title = {Numerical Evaluation of Time Integration Schemes in a Disturbed Flow
	Simulation},
  booktitle = {Proceedings of COBEM 2005},
  year = {2005},
  address = {Ouro Preto - MG}
}

@PHDTHESIS{souzath,
  author = {L. F. Souza},
  title = {Instabilidade Centr{\'{\i}}fuga e transi{\c c}{\~a}o para turbul{\^e}ncia
	em Escoamentos Laminares Sobre Superf{\'{\i}}cies C{\^o}ncavas},
  school = {Instituto Tecnol{\'o}gico de Aeron{\'a}utica},
  year = {2003}
}

@MASTERSTHESIS{souzamsc,
  author = {L. F. Souza},
  title = {Simula{\c c\~a}o Num{\'e}rica de uma expans{\~a}o Brusca e Controle
	por Suc{\c c\~a}o},
  school = {Pontif{\ig}cia Universidade Cat{\'o}lica de Minas Gerais},
  year = {2000}
}

@INPROCEEDINGS{souza01a,
  author = {L. F. Souza and M. T. Mendon{\c c}a},
  title = {{G}{\"o}rtler Vortices Control with Localized Suction and Blowing},
  booktitle = {AIAA Fluid Dynamics Conference},
  year = {2001},
  address = {Anahein, USA}
}

@ARTICLE{souza05a,
  author = {L. F. Souza and M. T. Mendon{\c c}a and M. A. F. Medeiros },
  title = {The advantages of using high-order finite differences schemes in
	laminar-turbulent transition studies},
  journal = {International Journal for Numerical Methods in Fluids},
  year = {2005},
  volume = {{\bf 48}},
  pages = {565--592}
}

@INPROCEEDINGS{souza02c,
  author = {L. F. Souza and M. T. Mendon{\c c}a and M. A. F. de Medeiros},
  title = {Assessment of different numerical schemes and grid refinement for
	hydrodynamic stability simulations},
  booktitle = {9th brazilian congress on thermal engineering and sciences},
  year = {2002}
}

@INPROCEEDINGS{souza01b,
  author = {L. F. Souza and M. T. Mendon{\c c}a and M. A. F. Medeiros },
  title = {A high resolution {N}avier {S}tokes solver for hydrodynamic stability
	analysis},
  booktitle = {22nd CILAMCE, Iberian Latin-American Congress on Computational Methods
	in Engineering},
  year = {2001},
  address = {Campinas - SP}
}

@ARTICLE{souza04,
  author = {L. F. Souza and M. T. Mendon{\c c}a and M. A. F. de Medeiros and
	M. Kloker},
  title = {Seeding of {G}{\"o}rtler Vortices Through a Suction and Blowing Strip},
  journal = {Journal of the Brazilian Society of Mechanical Sciences},
  year = {2004},
  volume = {XXVI},
  pages = {269--279}
}

@INPROCEEDINGS{souza02a,
  author = {L. F. Souza and M. T. Mendon{\c c}a and M. A. F. de Medeiros and
	M. Kloker},
  title = {Analisys of Tollmien-Schlichting waves propagation on a flat plate
	with a Navier-Stokes solver},
  booktitle = {proceedings of the 9th brazilian congress on thermal engineering
	and sciences},
  year = {2002}
}

@INPROCEEDINGS{souza02b,
  author = {L. F. Souza and M. T. Mendon{\c c}a and M. A. F. de Medeiros and
	M. Kloker},
  title = {Three dimensional code validation for transition phenomena},
  booktitle = {Anais da III Escola de Transi\c c\~ao e Turbul\^encia},
  year = {2002}
}

@INPROCEEDINGS{souza05h,
  author = {L. F. Souza and C. M. Oishi and J. A. Cuminato},
  title = {Comparison of Poisson Solvers for Problems with Dirichlet Boundary
	Conditions},
  booktitle = {Proceedings of the XXVI Iberian Latin-American Congress on Computational
	Methods in Enginnering},
  year = {2005},
  address = {Guarapari - ES}
}

@INPROCEEDINGS{souza06h,
  author = {Souza, L. F. and Oishi, C. M. and Cuminato, J. A. and Silveira Neto,
	A.},
  title = {Comparison of Poisson solvers in a transient 2D fluid flow problem
	with Dirichlet boundary conditions},
  booktitle = {Proceedings of the 11 Brazilian Congress of Thermal Engineering and
	Sciences},
  year = {2006},
  pages = {1--8},
  address = {Curitiba}
}

@INPROCEEDINGS{dns6,
  author = {P. R. Spalart},
  title = {Direct Numerical Study of Crossflow Instability},
  booktitle = {The IUTAM 90 Symp. on Laminar-Turbulent Transition},
  year = {1989},
  address = {Toulouse, France}
}

@ARTICLE{spitaleri00,
  author = {R. M. Spitaleri},
  title = {Full-FAS Multigrid Grid Generation Algorithms},
  journal = {Applied Numerical Math.},
  year = {2000},
  volume = {{\bf 32}},
  pages = {483--494}
}

@ARTICLE{srivastava87,
  author = {K. M. Srivastava and U. Dallmann},
  title = {Effect of Streamwise Vortices on {TS} Waves in Growing Boundary Layers},
  journal = {Phys. Fluids},
  year = {1987},
  volume = {{\bf 30}},
  pages = {1005--1016},
  number = {4}
}

@PHDTHESIS{stemmer01,
  author = {C. Stemmer},
  title = {Direct Numerical Simulation of Harmonic Point Source Disturbances
	in an Airfoil Boundary Layer with Adverse Pressure Gradient},
  school = {Universit{\"a}t Stuttgart},
  year = {2001}
}

@INPROCEEDINGS{stemmer99,
  author = {C. Stemmer and M. Kloker},
  title = {Later Stages of Transition of an Airfoil Boundary-Layer Excited by
	a Harmonic Point Source},
  booktitle = {The IUTAM 99 Symp. on Laminar-Turbulent Transition},
  year = {1999},
  address = {Arizona, USA}
}

@ARTICLE{stoll_porte2008,
  author = {Stoll, Rob and Porté-Agel, Fernando},
  title = {Large-Eddy Simulation of the Stable Atmospheric Boundary Layer using
	Dynamic Models with Different Averaging Schemes},
  journal = {Boundary Layer Meteorology},
  year = {2008},
  volume = {{\bf 126}},
  pages = {1--28}
}

@BOOK{strickw,
  title = {Finite Difference Schemes and Partial Differential Equations.},
  publisher = {Chapman \& Hall},
  year = {1989},
  author = {J. C. Strickwerda}
}

@INBOOK{stuben81,
  chapter = {5},
  pages = {58--71},
  title = {Nonlinear multigrid methods, the full approximation scheme},
  publisher = {K{\"o}ln-Porz},
  year = {1981},
  author = {K. St{\"u}ben and U. Trottenberg}
}

@ARTICLE{sutherland1893,
  author = {Sutherland, W.},
  title = {The viscosity of gases and molecular force},
  journal = {Phil. Mag.},
  year = {1893},
  volume = {{\bf 36}},
  pages = {507--531}
}

@ARTICLE{swearingen87,
  author = {J. D. Swearingen and R. F. Blackwelder},
  title = {The Growth and Breakdown of Streamwise Vortices in the Presence of
	a Wall},
  journal = {J. Fluid Mech.},
  year = {1987},
  volume = {{\bf 182}},
  pages = {255--290}
}

@ARTICLE{Swearingen86,
  author = {J. D. Swearingen and R. F. Blackwelder},
  title = {Spacing of Streamwise Vortices on Concave Walls},
  journal = {AIAA Journal},
  year = {1986},
  volume = {{\bf 24}},
  pages = {1706--1709},
  number = {10}
}

@ARTICLE{Szumbarski2006,
  author = {J. Szumbarski and J. M. Floryan},
  title = {Transient disturbance growth in a corrugated channel},
  journal = {J. Fluid Mech.},
  year = {2006},
  volume = {568},
  pages = {243-272},
  owner = {josuelkr},
  timestamp = {2011.04.26}
}

@ARTICLE{tandiono2008,
  author = {Tandiono and D. A. Shah},
  title = {On the linear and nonlinear development of {G}{\"o}rtler vortices},
  journal = {Phys. Fluids},
  year = {2008},
  volume = {{\bf 20}},
  pages = {094103-1--094103-15}
}

@ARTICLE{Tandiono2009,
  author = {Tandiono and S. H. Winoto and D. A. Shah},
  title = {Visualizing shear stress in {G}{\"o}rtler vortex flow},
  journal = {Journal of visualization},
  year = {2009},
  volume = {12},
  pages = {195-202},
  number = {3},
  owner = {josuelkr},
  timestamp = {2011.04.26}
}

@ARTICLE{tani69,
  author = {I. Tani and Y. Aihara},
  title = {{G}{\"o}rtler Vortices and Boundary Layer Transition},
  journal = {ZAMP},
  year = {1969},
  volume = {{\bf 20}},
  pages = {609--618}
}

@ARTICLE{terzi01,
  author = {D. Von Terzi and M. Linnick and J. Seidel and H. Fasel},
  title = {Immersed boundary techniques for high-order methods},
  journal = {AIAA-01-2918},
  year = {2001},
  volume = {{}},
  pages = {1--9}
}

@ARTICLE{toe02,
  author = {R. Toe and A. Ajakh and H. Peerhossaini},
  title = {Heat Transfer Enhancement by {G}{\"o}rtler Instability},
  journal = {Int. J. Heat and Fluid Flow},
  year = {2002},
  volume = {{\bf 23}},
  pages = {194--204}
}

@INPROCEEDINGS{souza06i,
  author = {Toledo, Vinicius Piovesan de and Cuminato, Jos\'e Alberto and Souza,
	Leandro Franco de},
  title = {Simula\c c\~ao num\'erica de escoamento bi-dimensional sobre aerof\'olios
	utilizando a t\'ecnica de fronteiras imersas},
  booktitle = {Proceedings of the 11 Brazilian Congress of Thermal Engineering and
	Sciences},
  year = {2006},
  pages = {1--10},
  address = {Curitiba}
}

@ARTICLE{Treuren2002,
  author = {van Treuren, K. W. and Simon, T. and von Koller, M. and Byerley,
	A. R. and Baughn, J. W. and Rivir, R.},
  title = {Measurements in a turbine cascade flow under ultra low Reynolds number
	conditions},
  journal = {ASME Journal of Turbomachinery},
  year = {2002},
  volume = {124},
  pages = {100-106},
  owner = {josuelkr},
  timestamp = {2011.04.26}
}

@INPROCEEDINGS{souza06d,
  author = {Vasconcellos, Raphael Vieira and Mendonça, M\'arcio Teixeira de and
	Souza, Leandro franco de},
  title = {Propaga\c c\~ao de ondas de Tollmien-Schlichting sobre uma placa
	plana utilizando estiramento de malha},
  booktitle = {Anais da 5a Escola de Primavera de Transi\c c\~ao e Turbulência},
  year = {2006},
  address = {Rio de Janeiro -- BR}
}

@ARTICLE{viecelli71,
  author = {J. A. Viecelli},
  title = {A Computing Method for Incompressible Flows Bounded by Moving Walls},
  journal = {J. Comput. Phys.},
  year = {1971},
  volume = {{\bf 8}},
  pages = {119--143}
}

@ARTICLE{viecelli69,
  author = {J. A. Viecelli},
  title = {A Method for Including Arbitrary External Boundaries in the MAC Incompressible
	Fluid Computing Technique},
  journal = {J. Comput. Phys.},
  year = {1969},
  volume = {{\bf 4}},
  pages = {543--551}
}

@BOOK{wagneretal2007,
  title = {Large-Eddy Simulation for Acoustics},
  publisher = {Cambridge University Press},
  year = {2007},
  author = {Wagner, Claus and Hüttl, Thomas and Sagaut, Pierre}
}

@ARTICLE{walton_1982,
  author = {I. C. Walton},
  title = {The effect of slow spatial variations on Benard convection},
  journal = {Q. J. Mech. Appl. Math.},
  year = {1982},
  volume = {{\bf 35(1)}},
  pages = {33--48}
}

@ARTICLE{wang_huang_2005,
  author = {W. Wang and R. X. Huang},
  title = {An experimental study on thermal circulation driven by horizontal
	differential heating},
  journal = {J. Fluid Mech.},
  year = {2005},
  volume = {{\bf 540}},
  pages = {49--73}
}

@INPROCEEDINGS{wassermann98,
  author = {P. Wassermann and M. Kloker},
  title = {Direct Numerical simulation of the Development and Control of Boundary-Layer
	Crossflow Vortices},
  booktitle = {New Results in Numerical and Experimental Fluid Dynamics},
  year = {1998},
  editor = {W. Nilsche and R. Hilbig},
  address = {Berlin}
}

@ARTICLE{wassermann2005,
  author = {P. Wassermann and M. Kloker},
  title = {Transition mechanisms in a three-dimensional boundary-layer flow
	with pressure-gradient changeover},
  journal = {J. Fluid Mech.},
  year = {2005},
  volume = {{\bf 530}},
  pages = {265--293}
}

@ARTICLE{wassermann2003,
  author = {P. Wassermann and M. Kloker},
  title = {Transition mechanisms induced by travelling crossflow vortices in
	a three-dimensional boundary layer},
  journal = {J. Fluid Mech.},
  year = {2003},
  volume = {{\bf 483}},
  pages = {67--89}
}

@ARTICLE{wassermann2002,
  author = {P. Wassermann and M. Kloker},
  title = {Mechanisms and passive control of crossflow-vortex-induced transition
	in a three-dimensional boundary layer},
  journal = {J. Fluid Mech.},
  year = {2002},
  volume = {{\bf 456}},
  pages = {49--84}
}

@INPROCEEDINGS{wassermann99,
  author = {P. Wassermann and M. Kloker},
  title = {{DNS} Investigation of the Development and Control of Crossflow Vortices
	in a 3-D Boundary-Layer},
  booktitle = {The IUTAM 99 Symp. on Laminar-Turbulent Transition},
  year = {1999},
  address = {Arizona, USA}
}

@ARTICLE{weinan96a,
  author = {E. Weinan and J. G. Liu},
  title = {Vorticity Boundary Condition and Related Issues for Finite Difference
	Schemes},
  journal = {J. Comput. Phys.},
  year = {1996},
  pages = {368--382}
}

@ARTICLE{weinan96b,
  author = {E. Weinan and J. G. Liu},
  title = {Essentially Compact Schemes for Unsteady Viscous Incompressible Flows},
  journal = {J. Comp. Phys.},
  year = {1996},
  pages = {122--138}
}

@ARTICLE{weinan96c,
  author = {E. Weinan and J. G. Liu},
  title = {Finite Difference Schemes for Incompressible Flows in Vorticity Formulations},
  journal = {ESAIM proceedings},
  year = {1996},
  pages = {181--195}
}

@ARTICLE{wen97,
  author = {S. Wen-Zhong and L. Ta Phuoc},
  title = {Numerical Method for Unsteady 3D Navier-Stokes Equation in Velocity-Vorticity
	Form},
  journal = {Computer \& Fluids},
  year = {1997},
  volume = {{\bf 26}},
  pages = {193--216}
}

@INPROCEEDINGS{dns10,
  author = {C. Whang and X. Zhong},
  title = {Direct Numerical Simulation of {G}{\"o}rtler Instability in Hypersonic
	Boundary-Layers},
  booktitle = {The IUTAM 99 Symp. on Laminar-Turbulent Transition},
  year = {1999},
  address = {Arizona, USA}
}

@INPROCEEDINGS{whang1999,
  author = {C. W. Whang and X. Zhong},
  title = {Direct Numerical Simulation of {G}{\"o}rtler Instability in Hypersonic
	Boundary Layers},
  booktitle = {The IUTAM 99 Symp. on Laminar-Turbulent Transition},
  year = {1999},
  address = {Arizona, USA}
}

@ARTICLE{willianson80,
  author = {J. H. Willianson},
  title = {Low-Storage Runge-Kutta Schemes},
  journal = {J. Comput. Phys.},
  year = {1980},
  volume = {{\bf 35}},
  pages = {48--56}
}

@ARTICLE{Winoto1989,
  author = {S. H. Winoto and H. T. Low},
  title = {Transition of boundary layer flows in the presence of Goertler vortices},
  journal = {Experiments in Fluids},
  year = {1989},
  volume = {8},
  pages = {41-47},
  owner = {josuelkr},
  timestamp = {2011.04.26}
}

@ARTICLE{Winoto2011,
  author = {Winoto, S. H. and Tandiono and Shah, D. A. and Mitsudharmadi, H.},
  title = {Concave surface boundary layer flows in the presence of streamwise
	vortices},
  journal = {International Journal of Fluid Machinery and Systems},
  year = {2011},
  volume = {4},
  pages = {33-46},
  number = {1},
  owner = {josuelkr},
  timestamp = {2011.04.26}
}

@ARTICLE{Wray84,
  author = {A. Wray and M. Y. Hussaini},
  title = {Highly Accurate Compact Methods and Boundary Conditions},
  journal = {Proc. Royal Soc. London},
  year = {1994},
  volume = {{\bf A 392}},
  pages = {373--389}
}

@ARTICLE{yu94,
  author = {X. Yu and J. T. C. Liu},
  title = {On the Mechanism of Sinuous and Varicose Modes in Three-Dimensional
	Viscous Secondary Instability of Nonlinear {G}{\"o}rtler rolls},
  journal = {Phys. Fluids},
  year = {1994},
  volume = {{\bf 6}},
  pages = {736--750}
}

@ARTICLE{yu91,
  author = {X. Yu and J. T. C. Liu},
  title = {The Secondary Instability in Goertler Flow},
  journal = {Phys. Fluids},
  year = {1991},
  volume = {{\bf A3}},
  pages = {1845--1847}
}

@ARTICLE{zang89,
  author = {T. A. Zang and S. E. Krist and M. Y. Hussaini },
  title = {Resolution Requirements for Numerical Simulations of Transition},
  journal = {J. of Scientific Computing},
  year = {1989},
  volume = {{\bf 4}},
  pages = {197--217}
}

@ARTICLE{zhang95,
  author = {D. H. Zhang and S. H. Winoto and Y. T. Chew},
  title = {Measurements in laminar and transitional boundary-layer flows on
	concave surface},
  journal = {Int. J. Heat and Fluid Flow},
  year = {1995},
  volume = {{\bf 16}},
  pages = {88--98}
}

@INPROCEEDINGS{zhang99,
  author = {H. Zhang and H. F. Fasel},
  title = {Spatial Direct Numerical Simulation of {G}{\"o}rtler Vortices},
  booktitle = {AIAA Fluid Dynamics Conference},
  year = {1999},
  address = {Norfolk, USA}
}

@ARTICLE{zhang97,
  author = {J. Zhang},
  title = {Residual Scaling Techniques in Multigrid, I: Equivalence Proof},
  journal = {Applied Math. and Comp.},
  year = {1997},
  volume = {{\bf 80}},
  pages = {283--303}
}

@ARTICLE{zhang96,
  author = {J. Zhang},
  title = {Acceleration of Five-Point Red-Black Gauss-Seidel in Multigrid for
	Poisson Equation},
  journal = {Applied Math. and Comp.},
  year = {1996},
  volume = {{\bf 80}},
  pages = {73--93}
}

@INPROCEEDINGS{dns9,
  author = {X. Zhong},
  title = {{DNS} of Boundary-Layer Receptivity to Freestream Sound for Hypersonic
	Flows Over Blunt elliptical Cones},
  booktitle = {The IUTAM 99 Symp. on Laminar-Turbulent Transition},
  year = {1999},
  address = {Arizona, USA}
}

@ARTICLE{Ozturk2007,
  author = {B {\"O}zt{\"u}rk and M. T. Schobeiri},
  title = {Effect of turbulence intensity and periodic unsteady wake flow condition
	on boundary layer development, separation, and reattachment along
	the suction surface of a low-pressure turbine blade},
  journal = {Journal of Fluids Engineering},
  year = {2007},
  volume = {129},
  pages = {747-763},
  owner = {josuelkr},
  timestamp = {2011.04.26}
}

@INPROCEEDINGS{Gostelow2010,
  author = {J. P. Gostelow and A. Mahallati and W. E. Carscallen and A. Rona},
  title = {Encounters with vortices in a turbine nozzle passage},
  booktitle = {The 13th International Symposium on Transport Phenomena and Dynamics
	of Rotating Machinery},
  year = {2010},
  owner = {josuelkr},
  timestamp = {2011.04.26}
}

@INPROCEEDINGS{Gostelow2010a,
  author = {J. P. Gostelow and A. Mahallati and W. E. Carscallen and A. Rona},
  title = {Organized streamwise vorticity on convex surfaces with particular
	reference to turbine blades},
  booktitle = {48th AIAA Aerospace Sciences Meeting Including the New Horizons Forum
	and Aerospace Exposition},
  year = {2010},
  owner = {josuelkr},
  timestamp = {2011.04.26}
}

@ARTICLE{Opoka2008,
  author = {M. M. Opoka and R. L. Thomas and H. P. Hodson},
  title = {Boundary layer transition on the high lift {T106A} low-pressure turbine
	blade with an oscillating downstream pressure field},
  journal = {Journal of Turbomachinery},
  year = {2008},
  volume = {130},
  pages = {1-10},
  owner = {josuelkr},
  timestamp = {2011.04.26}
}

@ARTICLE{Papa2007,
  author = {M. Papa and R. J. Goldstein and F. Gori},
  title = {Numerical heat transfer predictions and mass/heat transfer measurements
	in a linear turbine cascade},
  journal = {Applied Thermal Engineering},
  year = {2007},
  volume = {27},
  pages = {771-778},
  owner = {josuelkr},
  timestamp = {2011.04.26}
}

@ARTICLE{Rhee2008,
  author = {D. Rhee and H. H. Cho},
  title = {Effect of vane/blade relative position on heat transfer characteristics
	in a stationary turbine blade: {P}art 2. {B}lade surface},
  journal = {International Journal of Thermal Sciences},
  year = {2008},
  volume = {47},
  pages = {1544-1554},
  owner = {josuelkr},
  timestamp = {2011.04.26}
}

@ARTICLE{Rodi2006,
  author = {W. Rodi},
  title = {{DNS} and {LES} of some engineering flows},
  journal = {Fluid Dynamics Reseach},
  year = {2006},
  volume = {38},
  pages = {145-173},
  owner = {josuelkr},
  timestamp = {2011.04.26}
}

@ARTICLE{Schobeiri2008,
  author = {M. T. Schobeiri},
  title = {Influence of curvature and pressure gradient on turbulent wake development
	in curved channels},
  journal = {Journal of Fluids Engineering},
  year = {2008},
  volume = {130},
  pages = {1-14},
  owner = {josuelkr},
  timestamp = {2011.04.26}
}

@ARTICLE{Sethuraman2009,
  author = {E. Sethuraman and S. Acharya},
  title = {Mass heat transfer in rotating, smooth, high-aspect ratio (4:1) coolant
	channels with curved walls},
  journal = {Journal of Turbomachinery},
  year = {2009},
  volume = {131},
  pages = {1-9},
  owner = {josuelkr},
  timestamp = {2011.04.26}
}

@ARTICLE{Umur2006,
  author = {H. Umur and A. A. Ozalp},
  title = {Fluid flow and heat transfer in transitional boundary layers: effects
	of surface curvature and free stream velocity},
  journal = {Heat Mass Transfer},
  year = {2006},
  volume = {43},
  pages = {7-15},
  owner = {josuelkr},
  timestamp = {2011.04.26}
}

@ARTICLE{Wang2005,
  author = {H. P. Wang and S. J. Olson and R. J. Goldstein},
  title = {Development of {T}aylor-{G}{\"o}rtler vortices over the pressure
	surface of a turbine blade},
  journal = {Journal of Heat Transfer},
  year = {2005},
  volume = {127},
  pages = {540-543},
  owner = {josuelkr},
  timestamp = {2011.04.26}
}

@ARTICLE{Wissink2006,
  author = {J. G. Wissink and W. Rodi and H. P. Hodson},
  title = {The influence of disturbances carried by periodically incoming wakes
	on the separating flow around a turbine blade},
  journal = {International Journal of Heat and Fluid Flow},
  year = {2006},
  volume = {27},
  pages = {721-729},
  owner = {josuelkr},
  timestamp = {2011.04.26}
}

@ARTICLE{Xun2011,
  author = {Q. Xun and B. Wang and E. Yee},
  title = {Large-eddy simulation of turbulent heat convection in a spanwise
	rotating channel flow},
  journal = {International Journal of Heat and Mass Transfer},
  year = {2011},
  volume = {54},
  pages = {698-716},
  owner = {josuelkr},
  timestamp = {2011.04.26}
}

@ARTICLE{Zaki2009,
  author = {T. A. Zaki and J. G. Wissink and P. A. Durbin and W. Redi},
  title = {Direct computations of boundary layers distorted by migrating wakes
	in a linear compressor cascade},
  journal = {Flow Turbulence Combust},
  year = {2009},
  volume = {83},
  pages = {307-322},
  owner = {josuelkr},
  timestamp = {2011.04.26}
}

@BOOK{Winter_2009,
  title = {Biomechanics and Motor Control of Human Movement},
  publisher = {John Wiley and Sons},
  year = {2009},
  author = {D. A. Winter}
}

@ARTICLE{Sammis_Strain_2009,
  author = {I. Sammis and J. Strain},
  title = {A geometric nonuniform fast Fourier transform},
  journal = {Journal of Computational Physics},
  year = {2009},
  volume = {228},
  pages = {7086-7108}
}

@INPROCEEDINGS{Hassanieh_et_al_2012,
  author = {H. Hassanieh and F. Adib and D. Katabi and P. Indyk},
  title = {Faster GPS via Sparse Fourier Transform},
  booktitle = {The 18th Annual International Conference on Mobile Computing and Networking},
  year = {2012},
  pages = {1-12},
  address = {Istanbul, Turkey}
}

@ARTICLE{Embrechts_Frei_2009,
  author = {P. Embrechts and M. Frei},
  title = {Panjer recursion versus FFT for compound distributions},
  journal = {Mathematical methods of Operations Research},
  year = {2009},
  volume = {69},
  pages = {497--508}
}

@ARTICLE{Chan_tang_2010,
  author = {K. K. H. Chan and S. Tang},
  title = {High-speed spectral domain optical coherence tomography using non-uniform fast Fourier transform},
  journal = {Biomedical Optics Express},
  year = {2010},
  volume = {01},
  pages = {1309--1319}
}

@ARTICLE{Tzimiropoulos_2010,
  author = {G. Tzimiropoulos and V. Argyriou and S. Zafeiriou and T. Stathaki},
  title = {Robust FFT-Based Scale-Invariant Image Registration with Image Gradients},
  journal = {IEEE transactions on Pattern Analysis and Machine Intelligence},
  year = {2010},
  volume = {32},
  pages = {1899--1906}
}

@BOOK{Rao_et_al_2010,
  title = {Fast Fourier Transform - Algorithms and Applications},
  publisher = {Springer},
  year = {2010},
  author = {K.R. Rao and D. N. Kim and J. J. Hwang}
}

@ARTICLE{Maciejewski_et_al_2009,
  author = {M. W. Maciejewski and  H. Z. Qui and I. Rujan and M.i Mobli and J. C. Hoch},
  title = {Nonuniform sampling and spectral aliasing},
  journal = {Journal of Magnetic Resonance},
  year = {2009},
  volume = {199},
  pages = {88--93}
}


