@article{site1,
  title={https://git-scm.com/book/en/v2/Getting-Started-First-Time-Git-Setup},
  year={}
}

@article{site2,
  title={https://docs.github.com/pt/authentication/connecting-to-github-with-ssh/generating-a-new-ssh-key-and-adding-it-to-the-ssh-agent},
  year={}
}

@article{site3,
	title={https://git-scm.com/doc},
	year={}
}